4625 5950
839 874 1152 939 sectionem
1189 893 1323 940 cum
1362 878 1567 943 Iasone
1608 895 1685 944 ex
1725 879 1993 944 Colchide
2028 883 2089 945 in
2128 882 2465 949 Peliotidem
2507 888 2634 950 eius
2674 901 2873 951 amore
2916 889 3241 967 correptae.
3325 889 3508 964 Quam
3554 893 3840 956 rationem
3884 907 3921 955 a
3961 894 4119 958 nullo

834 994 1154 1071 interprete
1170 993 1484 1058 indicatam
1499 1012 1633 1060 esse
1657 996 1951 1061 miramur.
2013 998 2130 1063 Sed
2147 1004 2217 1064 ut
2227 1003 2580 1066 sententiam
2592 1007 2858 1068 nostram
2871 1003 3156 1087 dicamus,
3175 1002 3476 1070 πολιτῶν
3490 1010 3777 1084 genitivus
3799 1009 4117 1074 obiectivus

832 1128 969 1193 esse
1010 1127 1236 1192 videtur
1276 1133 1339 1191 et
1376 1127 1749 1206 participium
1785 1118 2157 1189 ἁνδάνουσα
2190 1123 2651 1202 coniungendam
2694 1140 2829 1188 cum
2866 1121 3136 1189 Ἰάσονι.
3178 1123 3370 1207 Φυγῆ
3412 1119 3711 1187 πολιτῶν
3741 1126 3960 1189 dictum
3984 1144 4118 1192 esse

832 1251 1035 1326 potest
1074 1252 1141 1308 ut
1179 1243 1299 1329 βίᾳ
1341 1239 1639 1308 πολιτῶν
1682 1241 1873 1318 Antig.
1910 1245 2007 1305 79.
2068 1240 2276 1306 Verbis
2319 1236 2695 1305 ἁνδάνουσα
2738 1239 2852 1325 μέν
2897 1239 3255 1321 respondent
3293 1243 3600 1320 perspicue
3638 1243 3700 1305 in
3733 1244 4114 1322 sequentihus

835 1360 947 1426 νῦν
997 1358 1048 1422 δ’
1093 1358 1320 1447 ἐχθρὰ
1367 1359 1587 1423 πάντα
1634 1392 1736 1422 -.
1827 1356 2046 1431 Quibus
2087 1355 2429 1438 edocemur,
2481 1373 2812 1422 sermonem
2864 1373 2998 1421 esse
3052 1354 3265 1422 dehere
3305 1355 3377 1420 de
3419 1359 3680 1441 ratione,
3735 1375 3888 1439 quae
3939 1362 4116 1425 inter·

832 1477 1004 1543 cedat
1042 1480 1196 1542 inter
1229 1476 1488 1541 Medeam
1548 1480 1611 1539 et
1657 1476 1949 1556 Iasonem,
2012 1490 2132 1538 non
2183 1476 2340 1538 inter
2392 1473 2649 1538 Hedeam
2702 1478 2766 1538 et
2820 1475 2976 1537 cives
3039 1476 3161 1538 sive
3216 1474 3544 1539 Corinthios
3594 1478 3716 1539 sive
3780 1477 4112 1541 Thessalos.

829 1594 991 1668 Quod
1033 1600 1343 1675 praeterea
1379 1591 1732 1655 scholiastae
1772 1593 1962 1654 visum
2002 1596 2130 1672 est,
2188 1592 2249 1654 in
2298 1606 2444 1654 voce
2485 1586 2858 1654 ἁνδάνουσα
2905 1584 3108 1675 ὀρθὴν
3157 1585 3302 1653 ἀντὶ
3346 1587 3616 1673 δοτικῆς
3664 1596 3919 1672 positam
3955 1612 4109 1675 esse,

824 1712 881 1774 id
921 1714 1039 1774 iam
1079 1726 1262 1790 supra
1300 1709 1704 1789 refutavimus,
1746 1723 1926 1787 quum
1963 1706 2365 1772 refelleremus
2393 1709 2819 1786 appositionem
2857 1706 3170 1771 verborum
3215 1700 3589 1771 ἁνδάνουσα
3630 1706 3748 1792 μὲν
3794 1707 3985 1792 φυγὴ
4029 1711 4106 1776 ah

825 1827 1095 1891 Elmsleio
1139 1825 1467 1906 probatam.
1549 1825 1744 1903 Neque
1787 1827 2138 1888 accesserim
2176 1823 2251 1888 ad
2292 1841 2499 1889 eorum
2539 1825 2910 1905 sententiam,
2954 1826 3053 1903 qui
3086 1825 3358 1904 opposita
3396 1824 3509 1888 sibi
3551 1843 3687 1889 esse
3730 1822 4103 1891 ἁνδάνουσα

825 1942 943 2026 μὲν
984 1975 1066 1988 —-
1110 1933 1282 2023 αὐτή
1329 1963 1402 2004 τε
1445 1940 1837 2022 arbitrantur,
1878 1941 2018 2004 illud
2055 1941 2416 2021 explicantes
2457 1940 2529 2005 de
2587 1957 2657 2005 re
2703 1942 2764 2003 in
2817 1941 2980 2005 facto
3033 1942 3259 2021 posita,
3321 1941 3434 2005 hoc
3493 1958 3631 2005 vcro
3672 1959 3993 2022 pronomen
4033 1944 4103 2008 de

824 2058 1023 2124 Medea
1062 2061 1192 2138 ipsa
1232 2061 1472 2137 eiusque
1527 2058 1803 2137 peculiari
1856 2059 2084 2121 ratione
2125 2056 2200 2120 ad
2258 2058 2527 2121 Iasonem
2589 2056 2778 2121 relata
2832 2059 2955 2120 sive
3007 2056 3462 2138 necessitudine,
3526 2074 3645 2138 qua
3699 2076 3829 2124 cum
3894 2064 4103 2125 marito

824 2176 1099 2256 copulata
1154 2175 1382 2238 fuisset.
1459 2175 1605 2238 Huic
1637 2174 2105 2254 interpretationi
2146 2188 2183 2236 a
2226 2173 2513 2238 Schoenio
2556 2173 2994 2238 commendatae
3055 2180 3118 2237 et
3174 2174 3461 2254 probatae
3511 2191 3719 2254 parum
3775 2177 3936 2241 favet
4003 2177 4103 2240 ad·

822 2294 1077 2355 iunctiva
1118 2292 1408 2370 particula
1447 2289 1544 2355 τέ.
1648 2291 1794 2355 Nam
1835 2291 2022 2355 altera
2060 2290 2233 2355 lectio
2273 2281 2447 2370 αὑτὴ
2492 2284 2596 2368 δέ,
2637 2305 2813 2369 quam
2854 2290 3149 2355 Stohaeus
3179 2291 3383 2373 refert,
3423 2292 3671 2356 Beckius
3708 2298 3770 2356 et
3796 2295 4100 2359 Elmsieius

818 2414 1189 2490 receperunt,
1231 2407 1536 2473 credentes
1570 2407 1685 2472 sihi
1726 2409 1941 2488 opponi
1983 2401 2360 2471 ἁνδάνουσα
2404 2403 2521 2489 μὲν
2565 2410 2629 2470 et
2673 2398 2846 2488 αὐτὴ
2897 2405 2964 2470 δέ
2983 2453 3002 2482 ,
3065 2409 3163 2470 vix
3203 2407 3414 2490 hahet,
3474 2425 3591 2489 quo
3626 2409 3856 2475 defendi
3894 2415 4097 2491 possit.

818 2525 1079 2589 Diximus
1123 2523 1234 2588 νῦν
1282 2520 1334 2586 δ’
1378 2521 1612 2609 ἐχθρὰ
1654 2522 1876 2587 πάντα
1943 2526 2214 2604 opposita
2274 2541 2409 2589 esse
2469 2524 2664 2588 verbis
2708 2520 3084 2589 ἁνδάνουσα
3128 2521 3277 2610 μέν,
3345 2525 3500 2603 quod
3564 2531 3625 2589 et
3664 2526 3993 2593 Hermanno
4037 2536 4099 2593 et

819 2642 1105 2706 Schoenio
1145 2643 1381 2722 placuit.
1477 2640 1717 2706 Videtur
1757 2632 1928 2724 αὖα-ἠ
1973 2664 2048 2704 τε
2089 2640 2161 2704 de
2201 2641 2500 2705 voluntate
2540 2640 2771 2705 Medeae
2812 2644 2936 2705 sive
2987 2644 3115 2706 eius
3163 2641 3388 2707 lubenti
3438 2645 3629 2708 animo
3687 2646 4094 2723 exponendum

817 2774 977 2839 esse,
1021 2774 1136 2838 quo
1175 2761 1229 2821 ei
1269 2775 1404 2821 cum
1445 2759 1652 2822 Iasone
1693 2759 1976 2822 convenit.

1054 2876 1239 2952 Igitur
1272 2880 1461 2938 totum
1500 2874 1696 2938 locum
1735 2875 1849 2937 hoc
1894 2872 2064 2938 modo
2098 2875 2483 2953 interpretor:
2538 2889 2658 2938 non
2693 2872 2993 2937 habitaret
3032 2874 3255 2939 hancce
3301 2880 3520 2940 terram
3561 2878 3916 2942 Corinthiam
3958 2896 4091 2944 oum

816 2995 1031 3057 marito
1058 3007 1129 3056 ac
1153 2993 1372 3074 liberis,
1413 2993 1653 3072 placens
1675 2993 1889 3073 Iasoni,
1932 2991 2087 3071 quod
2121 2992 2277 3055 cives
2317 2992 2379 3054 in
2406 3007 2654 3070 quorum
2695 2997 3044 3071 pervenerat
3084 2997 3304 3057 terram
3345 2994 3516 3076 fugit,
3559 3002 3623 3059 et
3646 2996 3870 3062 lubenti
3897 3001 4085 3065 animo

812 3110 871 3173 in
914 3110 1183 3174 omnihus
1238 3112 1605 3174 consentiens
1671 3125 1804 3172 cum
1869 3108 2092 3172 iasone.
2193 3108 2494 3173 vocabula
2544 3103 2764 3172 πάντα
2827 3105 3245 3196 συμφέρουσ’
3301 3109 3372 3175 de
3426 3128 3718 3176 consensu
3771 3116 3894 3179 sive
3953 3133 4088 3182 con·

811 3226 1010 3290 cordia
1049 3228 1336 3306 coniugali
1377 3227 1606 3307 explico
1647 3230 1892 3307 propter
1930 3227 2298 3308 epexegesin,
2342 3240 2493 3305 quae
2525 3227 2821 3306 sequitur:
2859 3218 3023 3291 ὅταν
3051 3260 3132 3270 -
3157 3227 3246 3310 μὴ
3279 3223 3636 3315 διχοςατῆ.
3704 3232 4084 3312 Frequentius

810 3343 1041 3422 quidem
1079 3350 1175 3408 est
1213 3361 1399 3422 genus
1438 3342 1690 3407 medium
1742 3358 1815 3407 eo
1869 3359 2075 3423 sensu,
2135 3341 2241 3407 sed
2280 3347 2343 3405 et
2390 3344 2643 3406 activum
2689 3358 2764 3406 ea
2805 3344 2927 3407 sive
2966 3358 3214 3422 prorsus
3254 3345 3426 3407 simili
3466 3348 3889 3422 significatione
3927 3355 4083 3418 inve·

810 3460 984 3523 nitur.
1083 3460 1246 3525 conf.
1286 3460 1590 3538 Pflugkius
1647 3459 1724 3523 ad
1762 3460 1820 3522 h.
1860 3459 1900 3522 l.
1956 3465 2019 3524 et
2070 3457 2317 3524 Ellendti
2373 3458 2541 3522 lexic.
2583 3460 2761 3539 Soph
2808 3477 2857 3523 s.
2897 3460 2955 3522 h.
2996 3475 3049 3522 v.
3129 3460 3240 3523 Alii
3297 3461 3500 3526 volunt
3554 3468 3747 3529 omnia
3802 3469 4082 3552 tolerans,

807 3576 963 3657 quod
1019 3595 1126 3657 per
1182 3577 1346 3643 verbi
1396 3575 1756 3665 συμφέρειν
1814 3592 1987 3641 usum
2043 3576 2281 3655 probari
2352 3580 2584 3656 potest,
2659 3582 2729 3640 ut
2788 3577 2904 3640 alia
2966 3578 3266 3658 omittam,
3328 3594 3404 3642 ex
3464 3579 3593 3645 loco
3658 3583 4079 3665 Xenophonteo

804 3693 1060 3757 Anabas.
1099 3694 1215 3776 vii,
1259 3699 1319 3775 6,
1361 3696 1474 3758 20:
1505 3685 1787 3778 Ὠιμην,
1836 3680 1891 3756 ὦ
1937 3685 2191 3777 ἄνδρες,
2238 3684 2375 3773 ὅσῳ
2417 3688 2684 3774 μᾶλλον
2730 3690 3141 3779 συμφέροιμι
3185 3685 3413 3777 τούτῳ
3460 3694 3581 3775 τὴν
3626 3695 3786 3763 τότε
3823 3701 4071 3777 πενίαν,

805 3804 1116 3892 τοσούτῳ
1164 3806 1431 3896 μᾶλλον
1478 3804 1682 3875 αὑτὸν
1731 3806 1938 3890 φίλον
1979 3831 2092 3893 μοι
2148 3805 2451 3882 ἔσεσθαι.
2518 3806 2722 3874 ὁπότε
2766 3805 3142 3895 δυνασθείη.
3251 3810 3368 3875 Sed
3424 3817 3715 3877 contextis
3755 3817 4078 3898 Euripidels

802 3946 1132 4009 repugnare
1170 3945 1394 3993 censeo.
1479 3929 1747 3993 Ceterum
1787 3931 2121 3993 coniectura
2181 3930 2234 3991 si
2281 3926 2476 3992 locum
2530 3930 2806 3989 vexatum
2856 3941 3070 3991 sanare
3120 3930 3242 4010 vis,
3310 3928 3503 3993 scribe
3542 3946 3650 4009 pro
3697 3927 4071 4000 ἁνδάνουσα

801 4064 1002 4112 vocem
1045 4041 1489 4110 ἀλλάσσουσα
1535 4050 1599 4109 et
1640 4050 1743 4109 aut
1785 4041 2017 4129 χθόνα
2060 4043 2222 4108 refer
2263 4042 2337 4106 ad
2387 4044 2760 4123 participium
2804 4047 2868 4107 et
2915 4048 3117 4123 repete
3159 4043 3232 4108 ad
3276 4042 3593 4127 ἄφίκετο,
3651 4052 3756 4110 aut
3795 4035 3882 4110 ὦν
3942 4068 4075 4130 per-

803 4167 1209 4228 attractionem
1251 4178 1358 4242 pro
1406 4155 1530 4231 οὒς
1568 4164 1980 4241 interpretare.
2075 4158 2410 4241 Spondeum
2443 4160 2505 4222 in
2545 4158 2786 4223 sedibus
2825 4157 3150 4240 imparibus
3216 4161 3466 4226 trimetri
3506 4163 3744 4227 iambici
3801 4171 4073 4246 usurpari

802 4286 1003 4344 notum
1044 4286 1154 4343 est.
1238 4279 1353 4343 Pro
1392 4270 1554 4364 ἢπερ
1599 4278 1961 4356 Musgravlus
2004 4270 2166 4360 ὅπερ
2230 4275 2490 4340 scrihere
2547 4277 2745 4340 voluit.
2827 4277 2965 4342 Sine
3005 4293 3238 4342 caussa.
3336 4279 3597 4344 Relativa
3653 4284 3804 4345 enim
3862 4298 3933 4347 ac
3976 4284 4073 4350 de·

800 4397 1184 4460 monstrativa
1226 4397 1374 4458 strui
1412 4410 1543 4458 oum
1587 4394 1970 4458 substantivis
2012 4392 2334 4473 praedicati
2373 4409 2543 4458 nemo
2576 4396 2792 4473 estqui
2816 4396 3060 4472 ignoret.
3099 4395 3385 4470 Panyasis
3409 4397 3592 4462 habet
3608 4400 3668 4462 in
3689 4399 4068 4476 fragmentis:

802 4508 955 4592 ξεῖν’
1001 4503 1124 4591 ἆγε
1170 4507 1237 4572 δὲ
1296 4506 1404 4572 καὶ
1459 4508 1613 4573 πῖν’·
1676 4508 1877 4596 ἀρετή
1934 4506 2011 4574 vs)
2068 4531 2177 4578 τις
2232 4505 2373 4575 ἔστι
2443 4511 2552 4573 καὶ
2606 4503 2803 4596 αὕτη.
2907 4510 3069 4586 Quod
3110 4511 3185 4575 ad
3237 4528 3474 4577 Sensum
3536 4516 3777 4595 attinet,
3844 4513 4063 4581 πάντα

803 4626 1161 4713 συμφέρειν
1182 4634 1435 4707 repetas.
1496 4630 1617 4693 Hoc
1640 4627 1851 4691 dicitur
1878 4626 2194 4714 σωτηρία,
2231 4626 2551 4692 remedium
2573 4627 2783 4690 salutis
2813 4628 3040 4692 ratione
3075 4627 3280 4692 hahita
3306 4645 3527 4709 eorum,
3563 4633 3664 4709 qui
3701 4634 4065 4697 matrimonio

794 4746 977 4809 iuncti
1034 4752 1207 4826 sunt,
1268 4745 1380 4809 hoc
1440 4748 1536 4810 est
1595 4748 1796 4809 uxoris
1857 4750 1922 4808 et
1982 4745 2214 4825 mariti,
2277 4743 2349 4808 de
2404 4743 2617 4823 quihus
2677 4743 2963 4808 vocabula
2989 4795 2994 4802 .
3018 4743 3185 4827 γυνὴ
3241 4751 3302 4808 et
3345 4744 3507 4833 ἀνὴρ
3563 4751 3798 4828 proprie
3851 4765 4059 4813 sexum
