4625 5950
1986 665 3043 752 ——14—

883 897 966 958 ita
1008 894 1223 977 definit,
1266 899 1333 957 ιιι
1372 894 1445 958 de
1485 895 1598 959 hac
1637 898 1764 961 sola
1802 898 2044 961 muliere
2085 900 2146 961 in
2183 896 2297 961 hoc
2337 895 2603 960 dramate
2645 897 2937 974 explicare
2999 900 3310 976 possimus.
3419 892 3823 979 ἠτιμασμένη
3868 901 3962 961 est
4015 915 4151 963 con-

883 1013 1203 1077 nuneliose.
1227 1018 1497 1076 tractata.
1578 1009 1886 1100 ἆτιμὰζω
1929 1014 2267 1094 simpliciter
2306 1018 2403 1079 est
2447 1013 2860 1097 καταφρονῶ
2906 1018 3247 1094 contemno,
3312 1028 3500 1092 neque
3549 1014 3610 1076 in
3662 1029 3730 1077 eo
3784 1011 3858 1076 de
3898 1013 4148 1077 civilium

880 1131 1092 1193 iurium
1130 1132 1451 1210 privatione
1511 1133 1771 1207 cogitant
1812 1131 2048 1216 Graeci,
2116 1147 2290 1212 quam
2359 1132 2508 1195 aliae
2541 1147 2715 1194 voces
2755 1130 3013 1194 eiusdem
3067 1132 3303 1206 originis
3344 1146 3396 1192 v.
3438 1146 3486 1192 c.
3533 1120 3778 1212 ἄτιμος
3801 1174 3819 1202 .
3886 1126 4142 1212 ἀτιμία,

883 1247 1137 1330 ἀτιμόω
1174 1248 1516 1324 significant.
1597 1247 1991 1322 synonymum
2030 1252 2293 1328 sequitur
2339 1243 2685 1334 ἠδικημένη
2732 1250 2828 1311 26.
2930 1248 3246 1311 Praeterea
3286 1246 3502 1328 verba,
3556 1261 3708 1326 quae
3750 1247 4023 1323 leguntur
4064 1250 4144 1312 33

884 1360 1219 1447 ἂτιμὰσας
1262 1359 1411 1447 ἔχει
1450 1369 1611 1427 recte
1666 1365 1996 1429 contuleris.
2097 1367 2187 1428 Ex
2240 1366 2333 1428 his
2380 1363 2593 1429 dehent
2644 1365 2959 1444 explicari,
3011 1365 3222 1444 quibus
3264 1363 3460 1427 Medea
3516 1366 3701 1426 utitur
3735 1366 3850 1426 691
3915 1356 4145 1447 ἄτιμοι

883 1477 938 1543 δ’
971 1478 1178 1567 ἐσμέν.
1267 1483 1545 1561 Apparet,
1586 1473 1827 1564 ἄτιμον
1871 1498 2003 1546 esse
2049 1497 2517 1561 unumquemque
2574 1481 2795 1546 honore
2852 1497 2960 1544 suo
3018 1481 3392 1561 destitutum,
3436 1480 3592 1558 quod
3633 1496 3708 1543 ex
3747 1479 4145 1557 etymologicis

878 1599 1202 1664 rationibus
1245 1600 1637 1661 necessarium
1679 1602 1788 1661 est.
1867 1599 2182 1662 Praeterea
2224 1592 2465 1682 ἄτιμον
2507 1604 2706 1677 potest
2745 1615 2878 1662 esse
2919 1597 2975 1660 id
2993 1646 3010 1679 ,
3064 1613 3179 1677 quo
3235 1601 3365 1677 quis
3430 1598 3651 1662 honore
3703 1612 3811 1661 suo
3867 1599 4146 1676 privatur.

877 1718 958 1781 Eo
996 1714 1167 1779 modo
1215 1715 1465 1794 Sophoc.
1509 1715 1699 1790 Antig.
1740 1715 1777 1776 5
1826 1706 1966 1777 οὔτ’
2014 1713 2299 1804 αἰσχρὸν
2349 1707 2494 1780 οὔτ’
2539 1707 2802 1791 ἄτιμον.
2891 1714 3033 1799 Boc}
3076 1713 3193 1799 μὲν
3240 1709 3511 1802 ὅρκους.
3558 1712 3733 1799 βοᾷν
3776 1718 3839 1778 et
3875 1715 4148 1777 intransi-

876 1837 994 1898 tivo
1036 1839 1098 1898 et
1130 1833 1438 1896 transitivo
1477 1847 1656 1894 sensu
1695 1833 1756 1895 in
1796 1849 1912 1894 usu
1953 1837 2062 1895 est.
2129 1832 2372 1897 Ponitur
2396 1832 2467 1897 de
2488 1834 2706 1910 gemitu
2748 1846 2818 1894 ac
2858 1831 3292 1912 lamentatione,
3335 1831 3439 1895 sed
3476 1834 3653 1895 etiam
3693 1818 4145 1905 de’hymnormn

877 1956 1072 2016 cantu.
1151 1951 1218 2013 ln
1256 1953 1459 2013 nostro
1491 1948 1620 2012 loco
1664 1954 1760 2011 est
1796 1949 2149 2013 lamentatur
2189 1949 2260 2013 de
2302 1949 2414 2012 fide
2446 1950 2669 2012 Iasonis
2710 1947 3079 2012 iureiurando
3111 1949 3457 2027 interposito
3498 1947 3639 2011 data
3675 1949 3909 2027 iamque
3953 1952 4147 2027 rupta.

876 2068 1238 2132 scholiastes
1281 2068 1701 2145 interpretatur
1742 2065 2101 2151 μαρτυρεῖ,
2167 2066 2320 2145 quod
2386 2068 2818 2130 concitatiorem
2873 2066 3103 2129 Medeae
3159 2070 3412 2128 mentem
3476 2080 3595 2128 non
3649 2067 3795 2128 satis
3853 2066 4145 2145 exprimit,

876 2199 1231 2265 quamquam
1270 2185 1397 2263 ipse
1437 2183 1736 2262 Euripides
1779 2185 1839 2246 in
1880 2184 2375 2261 subsequentibus
2437 2184 2619 2246 habet
2661 2177 2868 2251 θεοὺς
2912 2176 3362 2268 μαρτύρεται,
3426 2180 3567 2245 deos
3608 2186 4013 2261 contestatur,
4077 2189 4143 2243 ut

878 2300 1196 2384 δαίμονας
1238 2294 1660 2387 μαρτύρομαι
1706 2304 1841 2363 616.
1944 2300 2106 2363 Conf.
2152 2295 2510 2375 ἐπιβοᾶται
2557 2297 2757 2383 Θέμιν
2799 2305 2908 2362 etc.
2959 2302 3090 2362 170.
3133 2300 3270 2362 200.
3371 2293 3728 2363 ’Δνακαλεῖ
3769 2294 3839 2361 δὲ
3886 2294 4134 2378 δεξιᾶς.

772 2448 775 2449 ’
876 2419 986 2483 Λ111
1028 2415 1274 2499 δεξιάς.
1359 2417 1423 2480 Sl
1464 2419 1752 2493 genitivus
1788 2418 2093 2499 scribitur,
2151 2419 2202 2480 is
2263 2418 2572 2497 perspicue
2630 2416 2849 2496 pendet
2903 2430 2940 2478 a
2996 2415 3487 2494 subsequentibus
3531 2416 3751 2478 πίστιν
3795 2414 4135 2497 μεγίστην,

873 2540 928 2600 si
970 2537 1358 2615 accusativus,
1404 2535 1584 2597 verba
1620 2536 1737 2597 ista
1778 2537 2180 2613 appositorum
2220 2534 2391 2600 modo
2434 2550 2505 2598 ac
2545 2537 2769 2599 ratione
2833 2533 3104 2596 adiuncta
3157 2538 3312 2596 sunt.
3413 2534 3674 2612 Utraque
3730 2532 3901 2596 lectio
3961 2531 4141 2597 habet

876 2670 1017 2717 suos
1060 2652 1416 2717 defensores.
1498 2650 1849 2713 Matthiaeus
1893 2652 2249 2730 antiquiores
2289 2652 2474 2715 libros
2521 2666 2773 2729 sequens
2816 2652 3057 2715 retinuit
3097 2645 3357 2730 δεξιάς,
3423 2651 3526 2728 qui
3564 2649 3807 2728 pluralis
3826 2696 3844 2728 ,
3911 2648 4137 2713 xiomo

876 2770 1092 2851 iudice,
1140 2771 1337 2848 potius
1376 2768 1694 2847 requirimr
1735 2767 1811 2831 ab
1855 2768 2220 2833 antecedenti
2284 2761 2535 2855 ὅρκους
2590 2784 2766 2847 quam
2809 2763 3058 2839 δεξιᾶς.
3161 2767 3535 2832 Recentiores
3594 2767 3834 2830 fabulae
3885 2765 4138 2831 editores

878 2883 1104 2968 δεξιᾶς
1144 2889 1506 2964 receperunt.
1584 2884 1795 2948 Ridens
1836 2900 2038 2949 eorum
2078 2887 2362 2949 rationem
2385 2933 2402 2966 ,
2464 2886 2564 2964 qui
2604 2884 2675 2948 de
2715 2901 2831 2949 uno
2864 2885 3094 2948 homine
3133 2879 3359 2960 δεξιάς
3400 2882 3511 2945 dici
3550 2900 3726 2963 posse
3762 2888 4137 2960 negaverunt.

877 3004 942 3067 Si
983 3006 1115 3083 quis
1153 3003 1421 3068 dextram
1463 3002 1569 3065 dat
1603 3003 1899 3084 pluribus,
1959 2997 2181 3082 δεξιάς
2226 3002 2454 3067 dedisse
2494 3001 2607 3065 dici
2646 3006 2877 3082 potest3
2935 3004 2996 3062 et
3036 3003 3090 3063 si
3131 3003 3259 3079 quis
3302 3000 3569 3064 dextram
3611 3003 3712 3063 uni
3751 3000 3856 3063 dat
3889 3000 4136 3079 repetita

877 3125 1032 3203 vice,
1098 3116 1321 3202 δεξιάς
1365 3122 1702 3199 porrexisse
1741 3135 1858 3184 non
1896 3119 2148 3184 absurde
2201 3122 2581 3184 existimatur.
2685 3119 2826 3181 Rem
2868 3115 3240 3180 diiudicemus
3275 3132 3352 3179 ex
3391 3133 3501 3180 usu
3544 3117 3708 3181 verbi
3750 3113 4131 3181 ἀνακαλεῖν.

877 3237 1184 3312 Quaeritur
1222 3238 1518 3301 rectiusne
1559 3235 1788 3299 dicatur
1832 3231 2057 3316 δεξιάς
2102 3232 2479 3316 ἀνακαλεῖν,
2521 3251 2595 3299 an
2635 3233 2831 3312 πίςιν.
2900 3235 3042 3298 Nam
3086 3239 3151 3296 ut
3194 3227 3409 3322 ὅρκων
3451 3233 3633 3314 πίςις
3677 3235 3906 3316 dicitur,
3950 3238 4037 3299 sic
4075 3241 4137 3299 et

879 3355 1091 3419 locutio
1133 3349 1368 3437 χειρὸς
1411 3349 1590 3428 πίςις
1647 3354 1769 3414 sive
1811 3346 2037 3431 δεξιᾶς
2077 3351 2257 3429 πίςις
2312 3356 2375 3414 et
2427 3353 2644 3430 optima
2704 3357 2798 3416 est
2859 3359 2922 3415 et
2978 3367 3014 3413 a
3078 3353 3463 3430 scriptoribus
3504 3353 3740 3417 Graecis
3797 3353 4137 3430 frequenter

875 3472 1082 3550 posita.
1166 3468 1281 3531 Sed
1322 3475 1635 3547 propterea
1674 3484 1791 3532 non
1830 3467 2016 3530 ubivis
2060 3463 2285 3546 δεξιᾶς
2328 3471 2509 3544 riqis·
2556 3485 2756 3531 veram
2810 3467 3093 3531 habemus
3155 3468 3474 3532 lectionem.
3571 3469 3708 3532 Vide
3758 3470 4132 3534 Matthiaeum

876 3586 951 3650 ad
992 3587 1050 3649 h.
1093 3587 1132 3649 l.
1215 3586 1356 3660 Quid
1375 3587 1405 3648 2
1463 3584 1620 3665 quod
1658 3585 1841 3663 πίςις
1863 3632 1881 3660 ,
1943 3585 2101 3649 nullo
2159 3586 2271 3650 alio
2335 3586 2616 3650 vocabulo
2669 3585 2902 3666 addito,
2967 3584 3038 3647 de
3095 3587 3480 3664 promissione
3535 3604 3644 3666 per
3692 3587 3931 3652 dextras
3971 3590 4138 3654 facta

873 3708 1210 3782 usurpatur.
1325 3704 1423 3765 Sic
1479 3701 1635 3782 apud
1689 3703 1981 3780 Aristopb.
2047 3702 2295 3766 Acharn.
2348 3705 2473 3765 307
2529 3704 2953 3778 coniunguntur
3029 3700 3101 3764 de
3161 3704 3336 3765 variis
3382 3704 3758 3769 iurisiurandi
3817 3706 4130 3781 generibus

872 3814 1134 3901 βωμὸς.
1179 3816 1380 3896 orig-19.
1430 3811 1656 3903 ὅρκος.
1745 3818 1906 3882 conf.
1944 3819 2242 3882 Porsonus
2284 3816 2359 3879 ad
2395 3818 2453 3880 h.
2494 3818 2531 3879 l.
2612 3817 2804 3880 Habet
2840 3817 3083 3880 verbum
3146 3814 3502 3881 ἀνακαλεῖν
3559 3822 3826 3885 notiones
3871 3822 4135 3903 vocandi,

872 3933 1265 4015 exclamandi,
1328 3934 1692 4016 appellandi,
1748 3934 2093 3998 adhortandi
2131 3939 2192 3997 et
2232 3931 2572 4013 revocandi,
2629 3949 2925 4013 quumque
2964 3933 3315 4012 respondeat
3356 3937 3720 4000 antecedenti
3756 3936 3919 4024 βοᾷ,
3957 3942 4135 4004 inter·

872 4057 1075 4130 pretor
1113 4065 1327 4127 magna
1361 4066 1504 4115 voce
1545 4051 1837 4114 exclamat
1888 4053 2010 4114 sive
2057 4053 2269 4114 lterum
2320 4052 2645 4129 iterumque
2705 4053 3060 4128 pronuntiat.
3139 4052 3262 4114 lam
3324 4052 3531 4116 melius
3587 4058 3683 4117 est
3734 4055 3992 4121 Medeam
4032 4072 4134 4120 ex-

873 4167 1159 4248 clamare,
1201 4166 1470 4231 dextram
1510 4168 1621 4231 sibi
1665 4170 1901 4247 saepius
1940 4167 2015 4231 ah
2058 4168 2262 4232 Iasone
2305 4167 2504 4231 datam
2545 4185 2697 4249 esse,
2744 4183 2919 4247 quam
2962 4167 3201 4232 dextrae
3243 4167 3416 4233 fidem
3458 4175 3854 4248 pronuntiare.
3928 4175 4134 4239 Scribo

870 4284 1048 4359 igitur
1089 4280 1344 4365 δεξιός,
1398 4282 1664 4363 adposito
1710 4286 1929 4348 minore
1985 4284 2367 4347 distinctionis
2423 4285 2618 4364 signo,
2676 4288 2743 4346 ιιι
2782 4284 2929 4347 haec
2981 4285 3195 4349 locutio
3236 4292 3627 4351 consentanea
3680 4291 3761 4352 stt
3797 4296 4135 4358 accusativo

876 4392 1159 4480 ὅρκους,
1225 4404 1286 4462 et
1326 4416 1498 4464 voces
1528 4398 1748 4465 πίστιν
1789 4401 2102 4485 μεγίστην
2145 4401 2524 4479 appositionis
2578 4401 2705 4464 loco
2750 4400 2822 4462 ad
2860 4407 3170 4482 utrumque
3229 4399 3512 4490 (ὅρκους
3551 4435 3635 4454 —-
3679 4402 3934 4486 dsffads)
3985 4410 4137 4475 refe-

872 4512 1085 4575 rendas
1126 4531 1259 4579 esse
1300 4515 1515 4598 iudico,
1569 4517 1722 4596 quod
1764 4517 2106 4580 adiectivum
2148 4516 2459 4599 μεγίστην
2501 4517 2796 4594 requirere
2838 4517 3092 4599 videtur,
3150 4518 3262 4583 hoc
3303 4537 3512 4585 sensu:
3571 4524 3632 4585 in
3667 4525 4036 4591 iureiurando
4074 4533 4136 4590 et

870 4626 1113 4691 dextrae
1153 4629 1384 4696 datione
1421 4634 1576 4696 inest
1618 4636 1871 4697 maxima
1908 4634 2071 4698 fides.
2152 4634 2498 4698 Locutiones
2558 4635 2670 4699 hoc
2725 4635 2896 4699 modo
2953 4636 3027 4698 ad
3077 4637 3194 4700 alia
3245 4639 3424 4701 verba
3463 4643 3771 4718 appositae
3827 4648 3897 4705 ut
3943 4648 4130 4707 totam

872 4742 1162 4810 buandam
1201 4751 1654 4816 enuntiationem
1694 4751 2013 4834 explicent,
2053 4753 2114 4814 in
2155 4754 2345 4830 poetis
2388 4766 2568 4831 saepe
2608 4751 2915 4816 habentur.
3016 4755 3352 4834 Comparari
3394 4763 3643 4835 possunt
3683 4759 3862 4823 haec:
