4625 5950
1675 735 1964 748 --
2141 687 2269 777 25
2445 734 2737 746 .—

815 910 1173 1001 μητρὸς-
1207 915 1436 984 κακῶς
1475 919 1642 979 strue
1687 906 1874 982 οὐδὲν
1918 917 2139 980 κακῶν
2185 912 2442 1003 μητρὸς
2490 912 2656 980 ὲννο.
2742 915 2886 978 Nam
2932 910 3297 979 ἐννοεῖσθαι
3338 915 3679 994 pierumque
3718 931 3852 978 cum

563 1035 913 1099 acmisativis
956 1034 1231 1109 iungitur.
1312 1032 1375 1095 Si
1402 1047 1541 1097 vero
1583 1049 1718 1097 cum
1756 1035 2011 1112 genitivo
2050 1037 2321 1115 struitur,
2364 1038 2431 1097 ut
2461 1033 2642 1098 verba
2689 1025 2985 1115 ἀκούειν,
3029 1031 3514 1111 πυνθάνεσθαι,
3542 1026 3848 1105 συνιέναι,

562 1145 989 1233 μνημονεύειν
1034 1150 1109 1212 ai.
1170 1156 1274 1213 aut
1330 1152 1702 1214 accusativus
1753 1151 2107 1216 substantivi
2162 1150 2461 1215 addendus
2510 1156 2607 1215 est
2657 1155 2762 1213 aut
2815 1151 2985 1230 sequi
3040 1148 3217 1213 debet
3275 1151 3633 1231 propositio,
3698 1164 3851 1228 quae

561 1268 855 1346 exprimat
893 1265 1032 1345 quid
1071 1270 1377 1345 reputetur
1416 1271 1521 1330 aut.
1560 1266 1976 1333 consideretur.
2058 1266 2172 1332 νέα
2216 1267 2505 1351 φροντίς
2548 1268 2857 1347 perspicue
2896 1270 2992 1330 est
3031 1261 3191 1329 νέων
3228 1263 3535 1348 (oomnis,
3578 1271 3647 1329 ut
3690 1265 3845 1346 apud

562 1385 866 1449 Horatium
911 1381 1012 1446 Od.
1055 1382 1147 1463 IV,
1195 1383 1287 1446 15.
1327 1387 1389 1446 et
1427 1388 1658 1448 veteres
1712 1386 2009 1448 revocavit
2048 1389 2210 1448 artes
2265 1383 2325 1447 h.
2366 1401 2419 1447 e.
2458 1386 2723 1447 veterum
2762 1383 3155 1447 Romanorum
3197 1384 3462 1448 virtutes.
3569 1383 3844 1448 Similiter

557 1499 714 1563 infra
758 1500 878 1562 958
920 1492 1301 1567 πλουσίους
1345 1493 1599 1581 δόμους
1639 1515 1750 1579 pro
1792 1495 2159 1565 πλουσίων.
2242 1500 2500 1564 Verbum
2544 1494 2741 1576 Φιλεῖ
2789 1499 2848 1563 h.
2890 1500 2927 1564 l.
2985 1505 3184 1564 vertas
3243 1500 3412 1564 solet.
3514 1499 3675 1574 Quae
3717 1501 3847 1564 eius

567 1615 912 1694 significatio
966 1629 1084 1678 non
1125 1615 1277 1679 male
1333 1631 1410 1679 ex
1449 1631 1519 1679 eo
1569 1614 1904 1690 deducitur,
1962 1616 2118 1696 quod
2168 1619 2349 1682 etiam
2399 1617 2680 1680 inclinare
2735 1613 2812 1678 ad
2872 1615 3088 1695 aliquid
3143 1615 3401 1680 denotat.
3484 1616 3606 1679 Hoc
3665 1632 3843 1681 sensu

563 1733 801 1810 saepius
840 1732 1130 1794 invenitur
1170 1732 1233 1794 in
1272 1730 1615 1811 Sophocleis
1656 1731 1943 1797 dramatis
1977 1737 2040 1797 et
2080 1732 2356 1798 Herodoti
2393 1732 2574 1797 Musis
2621 1731 2704 1796 Ei.
2736 1733 2862 1795 312
2904 1726 3102 1812 φιλεῖ
3137 1731 3271 1817 γὰρ
3317 1725 3527 1795 ὀκνεῖν
3592 1728 3846 1819 πρᾶγμ’

565 1844 728 1933 ἀνὴρ
772 1845 1087 1931 πράσσων
1129 1846 1322 1930 μέγα.
1406 1847 1606 1928 Oedip-
1646 1849 1780 1924 Tyr.
1841 1851 1964 1912 569
2030 1844 2142 1928 ἐφ’
2187 1843 2292 1918 οἷς
2331 1844 2462 1931 ’γιίρ
2507 1847 2599 1936 μὴ
2645 1847 2929 1933 φρονῶ,
3000 1849 3193 1930 σιγᾶν
3239 1844 3454 1928 φιλῶ.
3539 1847 3744 1913 Herod.
3789 1851 3853 1927 ⁷,

566 1971 626 2047 9,
665 1969 727 2048 8,
777 1958 909 2027 ἀπὸ
976 1964 1207 2048 πείρης
1268 1962 1489 2029 πάντα
1561 1960 1973 2052 ἁνθρῶτοισι
2036 1961 2258 2046 φιλέει
2332 1965 2704 2048 γίγνεσθαι.
2822 1965 2948 2030 Huc
3009 1970 3076 2030 et
3150 1966 3410 2045 pertinet
3476 1963 3642 2030 loeus
3695 1964 3853 2046 apud

565 2083 922 2147 Matthaeum
962 2084 1020 2162 6,
1061 2083 1121 2158 5,
1191 2080 1254 2144 οἱ
1311 2075 1667 2167 ὑποκριταὶ
1734 2079 2057 2161 Φιλοῦσιν
2104 2081 2168 2149 ἐν
2209 2084 2364 2155 ταῖς
2421 2083 2843 2166 συνανωγαῖς
2902 2078 3011 2147 καὶ
3071 2078 3134 2147 ἐν
3192 2081 3339 2151 ταῖς
3400 2080 3674 2165 γωνίαις
3716 2082 3853 2144 τῶν

567 2194 904 2263 πλατειῶν
954 2195 1246 2267 ἑστῶτες
1282 2191 1815 2286 προσεύχεσθαι,
1877 2193 2064 2270 ὅπως
2108 2190 2188 2263 ἄν
2231 2199 2503 2281 Φαναῖσι
2546 2199 2695 2271 τοῖς
2740 2195 3157 2286 ἂνθρῶποις.
3223 2198 3324 2263 ubi
3366 2199 3646 2263 Erasmus
3690 2203 3852 2264 recte

565 2317 760 2380 soient
800 2317 1002 2394 vertit,
1046 2314 1143 2377 alii
1160 2362 1179 2395 ,
1218 2316 1540 2395 interprete
1578 2316 1816 2393 vulgato
1861 2320 2134 2398 auctore,
2174 2315 2409 2380 amandi
2443 2316 2928 2394 significationem
2969 2319 3240 2381 retinent.
3320 2316 3537 2397 Latini,
3585 2317 3851 2395 inprimis

568 2436 780 2512 poetae
821 2435 884 2496 et
921 2436 1254 2512 argenteae,
1298 2446 1476 2510 quam
1515 2430 1735 2513 dicunt,
1776 2434 1988 2496 aetatis
2032 2434 2389 2514 scriptores,
2431 2437 2499 2496 ut
2540 2434 2762 2498 Plinius
2800 2439 2865 2498 et
2904 2434 3175 2514 Tacitus,
3220 2432 3570 2497 vocabulum
3612 2426 3855 2495 amam!

571 2547 775 2612 eodem
829 2546 999 2610 modo
1053 2552 1311 2628 ponunt,
1372 2553 1444 2612 ut
1494 2547 1685 2613 solere
1734 2547 2038 2627 significet.
2146 2547 2425 2611 Addimus
2485 2566 2562 2613 ex
2624 2550 2864 2615 Horatio
2919 2551 3070 2615 haec
3120 2550 3419 2630 exempla:
3479 2547 3652 2612 Odar.
3701 2548 3770 2629 11,
3812 2550 3854 2610 3

571 2664 841 2729 umbram
880 2665 1232 2745 hospitalem
1273 2666 1608 2730 consociare
1647 2669 1864 2730 amant.
1962 2663 2134 2729 Odar.
2171 2665 2265 2746 111,
2314 2668 2412 2747 io,
2459 2669 2553 2730 io.

1316 2782 1534 2846 Aurum
1575 2798 1682 2862 per
1722 2781 1943 2846 medios
1980 2784 2067 2846 irc
2103 2781 2412 2863 satellites,

1314 2901 1388 2963 Ει
1425 2916 1803 2979 perrumpere
1841 2903 2002 2963 amat
2043 2914 2195 2963 saxa
2235 2901 2535 2979 potentius

1314 3019 1439 3083 ictu
1476 3018 1770 3084 fulmineo.
