4625 5950
1916 662 2977 751 ...u-20—

816 891 1010 969 Antig.
1049 891 1172 954 768
1213 890 1533 972 explicans,
1575 881 1798 973 βαρύς
1837 892 1963 969 est,
2016 904 2053 951 a
2096 890 2213 969 ‘quo
2263 907 2444 969 grave
2491 893 2630 973 quid
2683 892 3072 957 metuendum.
3171 891 3325 956 Bene
3370 889 3694 954 Schoenius
3734 876 4094 969 compararit

815 1004 999 1070 verba
1042 1006 1308 1070 Creontis
1349 1001 1514 1087 γυνὴ
1564 995 1922 1088 ὀξύθυμος
1961 1005 2102 1068 323.
2185 1006 2502 1072 Praeterea
2528 1008 2658 1073 vide
2702 1011 2816 1071 138
2857 999 3263 1092 βαρύθυμον
3311 1000 3554 1093 ὀργᾶνς
3593 999 3820 1090 βαρὺς
3860 998 4093 1089 ’χόλος

821 1121 1011 1202 1288;
1080 1123 1196 1183 104
1243 1114 1491 1205 φρενὸς
1546 1111 1919 1188 αὐθάδους.
2006 1119 2175 1198 Apud
2219 1120 2571 1201 Sophoclem
2616 1123 2867 1201 Oedipus
2923 1114 3290 1209 Βαρυνέεὶς
3334 1121 3576 1202 dicitur,
3638 1123 3729 1184 ira
3783 1123 4091 1198 correptus

816 1236 951 1310 Tyr.
992 1240 1131 1301 781.
1211 1237 1326 1301 Pro
1373 1230 1563 1315 τήνδε
1604 1237 2040 1314 exspectaveris
2084 1229 2292 1318 αὐτὴν
2335 1254 2454 1302 non
2494 1239 2697 1302 habita
2739 1241 2965 1302 ratione
3005 1253 3230 1302 versus.
3312 1236 3431 1299 Sed
3470 1238 3670 1300 nutrix
3712 1237 3883 1315 quasi
3921 1249 4092 1314 prae·

814 1357 1040 1416 sentem
1079 1352 1337 1417 Medeam
1373 1357 1681 1417 monstrat.
1763 1353 1910 1416 Post
1964 1351 2145 1416 verba
2202 1346 2505 1435 δειμαίνω
2554 1351 2626 1418 τὲ
2671 1376 2763 1418 νιν
2822 1353 3115 1418 Nauckius
3166 1351 3279 1417 duo
3334 1351 3655 1417 versimios
3703 1367 3738 1415 8
3799 1351 4090 1414 contextis

816 1469 1015 1531 eiecit:
1058 1465 1147 1551 μὴ
1187 1463 1443 1550 θηκτὸν
1490 1461 1627 1549 ὤση
1668 1463 2020 1548 Φάσγονον
2066 1463 2146 1529 δι’
2190 1462 2456 1554 ἥπατος
2500 1471 2650 1556 σιγῆ
2695 1465 2949 1553 δόμους
3007 1463 3287 1544 εὶςβᾶσ’,
3356 1463 3433 1529 ἵν’
3475 1462 3808 1553 ἔστρωται
3852 1461 4092 1549 λέχος.

817 1585 1004 1660 Quum
1040 1586 1156 1648 ista
1211 1583 1392 1648 verba
1429 1586 1555 1646 380
1602 1587 1981 1664 repetantur,
2045 1584 2142 1648 aiii
2202 1586 2309 1648 viri
2364 1584 2520 1649 docti
2577 1601 2651 1651 ea
2712 1585 2826 1650 hoc
2886 1584 3015 1649 loco
3080 1585 3378 1647 eliminare
3440 1583 3779 1663 voluerunt,
3838 1581 3935 1645 8111
3974 1581 4100 1663 ilio.

813 1699 1211 1765 Defenderunt
1252 1699 1644 1763 Firnhaberus
1684 1702 1746 1761 et
1780 1698 2075 1779 Klotzius3
2119 1701 2488 1764 retinuerunt
2528 1699 2925 1764 Kircbboffius
2964 1704 3026 1763 et
3043 1700 3384 1764 Schoenius.
3467 1699 3595 1763 Non
3628 1700 3823 1763 omisit
3858 1696 4089 1777 quidem

815 1815 1156 1895 Elmsleius,
1220 1813 1325 1878 sed
1385 1821 1579 1877 tamen
1635 1814 1793 1877 infra
1852 1814 2058 1877 melius
2118 1814 2232 1891 legi
2289 1816 2627 1879 arbitratur.
2730 1817 3030 1880 Porsonus
3086 1814 3269 1879 verba
3314 1812 3466 1899 σιγὴ·
3512 1846 3596 1859 -
3630 1810 3876 1899 λέχος,
3942 1827 4094 1892 quae

818 1936 1020 1997 censet
1058 1931 1397 2009 simpliciter
1435 1929 1550 1994 huc
1587 1934 1850 1993 retracta
1890 1947 2028 1993 esse
2070 1946 2145 1993 ex
2187 1933 2326 1993 381.
2369 1930 2427 1994 h.
2456 1931 2494 1994 i.
2537 1949 2657 1996 non
2696 1933 2958 2011 recepit;
2999 1931 3423 1996 Valckenarius
3465 1930 3537 1994 ad
3583 1931 3884 1996 Phoeniss.
3933 1931 4091 1993 1286

814 2046 973 2111 intra
1025 2045 1267 2110 delenda
1315 2061 1450 2108 esse
1513 2045 1737 2109 statuit.
1837 2045 1902 2108 Si
1955 2047 2227 2110 versiculi
2284 2048 2349 2112 11.
2403 2048 2440 2110 1.
2484 2048 2758 2126 leguntur
2772 2096 2791 2128 ‚
2855 2050 2983 2111 sine
3038 2046 3212 2111 dubio
3269 2063 3388 2111 non
3446 2063 3515 2112 eo
3578 2064 3759 2113 sensu
3811 2046 4092 2126 explicari

816 2167 1096 2243 possunt,
1141 2177 1258 2241 quo
1298 2160 1455 2224 infra
1488 2160 1926 2240 interpretanda
1969 2167 2123 2224 sunt.
2210 2163 2356 2225 Nam
2403 2163 2483 2225 ibi
2539 2165 2849 2243 perspicue
2900 2161 2973 2227 de
3017 2137 3238 2226 Glauca
3276 2168 3340 2225 et
3383 2163 3630 2227 Creonte
3692 2164 4089 2242 enuntiantur,

813 2281 881 2343 111
914 2286 1117 2343 nostro
1173 2294 1311 2342 vero
1373 2277 1614 2357 prologo
1668 2280 1915 2357 propter
1969 2279 2275 2356 sequentia
2330 2272 2366 2362 ἢ
2417 2271 2526 2341 καὶ
2585 2273 2907 2364 τύραννον
2953 2272 3071 2341 τόν
3115 2300 3191 2344 τε
3225 2276 3534 2362 γήμαντα
3596 2274 3802 2364 κτάνῃ
3865 2281 3970 2341 aut
4021 2276 4093 2341 de

816 2393 1016 2460 Medea
1055 2396 1186 2473 ipsa
1227 2401 1331 2456 aut
1370 2393 1440 2457 de
1486 2393 1613 2456 eius
1650 2392 1847 2456 liberis
1888 2392 2284 2469 intelligantur
2324 2398 2572 2473 oportet.
2656 2394 2741 2458 118
2803 2394 3018 2476 iudice,
3079 2410 3199 2458 non
3254 2393 3555 2458 omittendi
3610 2400 3767 2459 sunt.
3846 2395 3991 2458 Nam
4031 2397 4094 2459 111

816 2510 1113 2581 codicibus
1148 2510 1307 2574 nulla
1359 2511 1614 2572 varietas
1669 2512 1795 2589 est,
1853 2513 1915 2572 et
1969 2508 2274 2587 Euripides
2328 2512 2389 2572 in
2444 2510 2705 2589 prologis
2768 2510 2954 2573 muita
3009 2509 3257 2590 indicat,
3317 2517 3385 2574 ut
3434 2509 3730 2575 auditores
3769 2511 4092 2576 lectoresve

817 2630 1157 2710 praesagire
1188 2642 1259 2690 ac
1299 2625 1554 2689 divinare
1592 2629 1855 2706 possint,
1914 2642 2065 2706 quae
2109 2627 2184 2689 ad
2226 2627 2466 2692 fabulae
2508 2629 2938 2692 enarrationem
2980 2643 3053 2690 ac
3094 2627 3541 2705 descriptionem
3581 2630 3890 2707 pertinent.
3971 2628 4093 2692 Hoc

817 2746 967 2811 bene
1007 2745 1357 2809 scholiastes
1397 2744 1696 2821 perspexit
1739 2741 1967 2806 dicens:
2014 2737 2177 2811 ἔθος
2222 2741 2349 2827 ’γάρ
2396 2741 2569 2808 ἐστιν
2615 2738 2805 2826 αὐτῷ
2850 2739 3202 2831 προλέγειν
3249 2742 3336 2806 τὰ
3378 2738 3721 2826 μέλλοντα
3759 2746 3883 2807 sive
3926 2748 3995 2806 ut
4031 2745 4092 2807 111

819 2864 1176 2939 antegressis
1216 2861 1429 2936 iegitur
1488 2855 1520 2923 ὁ
1562 2855 1630 2919 δὲ
1673 2853 2039 2942 Εὐριπίδης
2082 2862 2169 2922 τὰ
2214 2855 2559 2942 μέλλοντα
2606 2858 2968 2939 ἂναφαονεῒ.
3055 2859 3372 2923 Praeterea
3427 2874 3634 2923 versus
3689 2863 3923 2939 repetiti
3975 2878 4090 2926 non

820 2979 1149 3059 offendunt3
1192 2979 1252 3042 111
1289 2978 1657 3041 inveniuntur
1698 2978 1759 3038 in
1795 2976 2062 3039 omnibus
2101 2979 2310 3056 poetis.
2388 2977 2509 3039 Iam
2561 2978 2615 3040 si
2672 2977 2773 3041 1118
2827 2978 3080 3055 genuina
3129 2974 3454 3055 habentur,
3516 2974 3587 3040 de
3653 2992 3854 3040 eorum
3912 2994 4088 3041 sensu

822 3100 1145 3178 quaeritur.
1226 3096 1313 3157 Ac
1355 3093 1706 3156 scholiastes
1750 3092 1980 3172 quidem
2021 3092 2230 3156 dubius
2272 3099 2391 3175 est,
2440 3099 2783 3172 oporteatne
2819 3109 2892 3157 ea
2933 3092 3216 3172 explicari
3253 3091 3325 3156 de
3365 3093 3567 3157 liberis
3607 3093 3859 3174 Medeae,
3901 3110 3979 3158 an
4019 3093 4090 3160 de

818 3214 1018 3281 Redeo
1050 3216 1201 3292 ipsa.
1280 3210 1430 3273 Dicit
1467 3211 1622 3273 enim
1665 3203 1772 3272 ἐπὶ
1809 3207 1941 3272 τῶν
1984 3205 2235 3270 παίδων
2282 3206 2678 3273 &noum-5012.
2727 3203 3000 3273 δύναται
3045 3204 3115 3272 δὲ
3150 3203 3260 3271 καὶ
3303 3202 3406 3271 ἐπὶ
3452 3205 3668 3292 αὐτῆς
3694 3204 4090 3277 ἀκούεσθαι.

817 3332 901 3396 De
941 3330 1138 3394 Medea
1178 3330 1308 3406 ipsa
1346 3342 1461 3390 non
1504 3325 1904 3390 intellexerim.
1985 3326 2130 3387 Nam
2188 3324 2260 3387 de
2305 3326 2431 3387 eius
2485 3327 2688 3388 mortis
2744 3341 2992 3405 genere,
3032 3329 3317 3404 quantum
3362 3328 3516 3406 scio,
3575 3326 3656 3390 1111
3695 3329 3895 3392 scitur.
3977 3330 4086 3391 Ex·

819 3446 1182 3529 spectaveris
1220 3446 1400 3508 etiam
1444 3433 1718 3522 ιῦσηται.
1801 3442 1881 3504 De
1921 3441 2119 3504 liberis
2137 3489 2156 3521 ,
2211 3443 2310 3521 qui
2367 3441 2526 3505 ferro
2577 3443 2823 3520 iugulati
2862 3447 3005 3505 sunt
3056 3458 3094 3505 a
3146 3447 3336 3506 matre
3394 3443 3718 3526 scelerata,
3782 3448 3915 3525 capi
3975 3461 4089 3509 non

819 3568 1132 3646 nequeunt.
1215 3559 1377 3623 Conf.
1428 3560 1586 3623 1820
1626 3573 1753 3637 sqq.
1836 3558 1998 3620 Tunc
2034 3551 2256 3640 λέχος
2301 3563 2464 3620 esset
2504 3558 2725 3638 iectuS,
2787 3561 2846 3621 in
2901 3573 3016 3636 quo
3077 3556 3458 3623 dormiebant.
3552 3559 3634 3624 De
3677 3560 3875 3624 Medea
3913 3565 3966 3625 si
4006 3565 4090 3626 in·

822 3684 1134 3761 telligitur,
1175 3694 1307 3743 esse
1349 3675 1525 3739 debet
1562 3675 1751 3738 lectus
1790 3673 2128 3754 coniugalis,
2174 3676 2234 3737 in
2277 3690 2393 3753 quo
2435 3674 2548 3737 sibi
2585 3677 2717 3755 ipsa
2759 3680 3008 3738 mortem
3047 3676 3411 3739 consciscere
3447 3676 3709 3740 voluerit.
3765 3677 4090 3743 Difficultas

819 3806 948 3881 est,
993 3795 1146 3878 quod
1183 3795 1363 3858 verba
1431 3791 1581 3875 σιγῆ
1629 3786 1886 3868 εἰσβᾶσ’
1929 3790 2137 3855 docere
2179 3791 2481 3873 videntur,
2543 3809 2661 3856 non
2701 3792 3070 3870 cogitandum
3111 3808 3245 3855 esse
3287 3791 3358 3855 de
3397 3791 3568 3856 domo
3609 3795 3793 3872 ipsius
3837 3794 4090 3877 Medeae,

819 3922 881 3982 in
924 3931 1101 3996 quam
1138 3927 1257 3976 non
1295 3909 1410 3972 ruit
1450 3907 1604 3987 quod
1644 3911 1823 3972 tacite
1863 3910 2142 3989 intraret,
2202 3906 2309 3972 sed
2350 3907 2422 3969 de
2476 3907 2645 3971 domo
2703 3909 2952 3972 Glaucae
3006 3911 3130 3972 sive
3173 3908 3439 3973 Creontis
3462 3956 3481 3990 ,
3538 3924 3691 3988 quae
3730 3911 3857 3974 882
3898 3907 4085 3996 δῶμα

821 4028 1158 4115 νυμφικόν
1200 4030 1551 4091 nominatur.
1611 4024 1728 4087 Sed
1755 4027 1974 4103 optimo
2015 4027 2142 4088 iure
2183 4027 2476 4104 quispiam
2519 4024 2695 4108 dicat,
2736 4041 3009 4089 caussam
3043 4026 3250 4107 fuisse,
3293 4042 3399 4089 cur
3439 4042 3637 4090 necem
3677 4033 4090 4106 perpetratura

818 4151 883 4213 111
918 4162 1023 4210 eas
1065 4144 1270 4208 domus
1309 4147 1509 4222 partes
1554 4143 1731 4204 tacite
1767 4144 2034 4221 intraret,
2081 4140 2180 4203 ubi
2220 4140 2388 4204 liberi
2429 4140 2810 4206 dormiebant.
2900 4142 3241 4206 Recentiore
3283 4147 3546 4219 tempore
3607 4144 3707 4222 qui
3754 4145 3935 4207 verba
3988 4144 4088 4208 iila

823 4261 1101 4343 probam,
1142 4259 1216 4324 de
1260 4260 1508 4340 Glauca,
1551 4259 1773 4322 Iasonis
1814 4273 2055 4337 sponsa,
2097 4260 2591 4338 interpretantur,
2652 4258 2808 4337 quod
2851 4275 2929 4321 ex
2970 4258 3178 4321 additis
3222 4257 3415 4322 verbis
3454 4263 3615 4323 recte
3656 4266 3719 4323 et
3756 4258 3987 4323 defendi
4029 4267 4092 4326 et

821 4378 1008 4442 evinci
1043 4391 1221 4455 posse
1260 4380 1490 4455 putant.
1568 4376 1849 4454 Apposite
1889 4373 2244 4437 Schoenius:
2308 4373 2395 4436 Da
2445 4389 2557 4437 von
2614 4375 2774 4439 einer
2807 4375 3139 4438 Rachethat
3179 4374 3272 4439 die
3313 4373 3471 4438 Rede
3507 4376 3612 4456 ist,
3671 4374 3848 4438 deren
3886 4376 4092 4442 1111181·-

822 4493 1120 4570 nehmung
1161 4492 1252 4556 die
1295 4494 1497 4555 Amme
1537 4491 1909 4569 beflirchtet,
1964 4506 2033 4554 so
2077 4506 2239 4552 muss
2279 4491 2365 4553 sie
2406 4490 2535 4553 11181·
2577 4491 2760 4554 sebon
2802 4490 2911 4554 auf
2947 4493 3074 4554 eine
3111 4490 3216 4554 der
3255 4490 3579 4571 Personen,
3622 4490 3713 4554 die
3753 4491 3856 4556 der
3893 4493 4092 4559 uesieu

820 4608 1141 4686 Krankung
1182 4608 1427 4672 bereitet
1462 4607 1677 4689 haben,
1716 4608 1807 4670 als
1850 4589 2374 4669 muthmasslicben
2418 4605 2786 4683 Gegenstand
2839 4606 2943 4671 des
2985 4606 3530 4672 Wuthausbruches
3568 4607 3907 4673 hinweisen.
3988 4610 4090 4674 Die

820 4726 1253 4807 Vermuthung,
1314 4724 1454 4790 dass
1496 4725 1601 4790 der
1637 4722 2118 4791 Wuthausbrucb
2179 4722 2281 4788 der
2320 4722 2517 4788 Medea
2578 4722 2707 4787 sicb
2762 4728 2962 4788 zuerst
2997 4739 3185 4802 gegen
3225 4723 3329 4789 die.
3356 4723 3821 4791 Nebenbubierin
3862 4726 4088 4791 ricbten
