4625 5950
1933 674 2921 759 -θῇ-

798 899 878 969 τὸ
935 894 1216 986 οὕνομα.
1312 895 1541 965 ’Au-ro}
1608 896 1675 962 δὲ
1729 897 1876 987 περὶ
1945 898 2169 980 σφέων
2239 885 2364 968 εὗδε
2429 897 2707 985 λέγουσι
2766 896 3008 982 Μῆδοι.
3109 901 3194 965 De
3247 899 3454 965 eadem
3514 919 3582 967 re
3643 901 3923 968 videndus
3975 908 4071 968 est

800 1020 1061 1098 Xenoph.
1101 1017 1286 1081 Anah.
1328 1017 1421 1099 ΙΙΙ,
1463 1020 1524 1098 4,
1572 1019 1684 1098 11,
1741 1017 1813 1080 ad
1871 1033 2045 1096 quem
2104 1019 2297 1082 locum
2355 1019 2507 1084 conr.
2545 1019 2958 1084 Schneiderus.
3063 1013 3364 1101 Κόλχων
3412 1013 3483 1088 ἐς
3525 1010 3698 1082 αἶαν.
3776 1019 4072 1085 vocabula

799 1133 1094 1220 Κόλχος
1134 1140 1196 1199 et
1239 1131 1513 1218 Κολχὶς
1554 1139 1917 1213 usurpantur
1960 1140 2022 1197 et
2063 1135 2566 1200 substantivorum
2605 1142 2667 1200 et
2708 1134 3123 1199 adiectivorum
3163 1137 3407 1199 ratione.
3482 1135 3749 1216 Inprimis
3795 1134 4072 1222 Κολχίς

798 1253 870 1319 de
908 1257 1072 1317 terra
1110 1252 1374 1331 ponitur,
1417 1249 1522 1313 sed
1562 1252 1742 1312 etiam
1786 1249 1856 1312 de
1895 1250 2029 1328 ipsa
2066 1249 2282 1314 Medea.
2367 1252 2596 1332 Colchi,
2631 1252 2701 1315 de
2742 1252 2954 1331 quibus
2997 1252 3257 1314 Ritterus
3299 1251 3689 1316 eruditissime
3729 1252 4072 1334 disputavit,

796 1386 874 1435 ex
912 1368 1186 1432 Herodoti
1226 1368 1492 1445 opinione
1534 1364 1609 1427 ab
1647 1366 1948 1444 Aegyptiis
1985 1366 2210 1430 oriundi
2251 1372 2406 1431 sunt.
2468 1368 2530 1431 ld
2567 1369 2818 1432 maxime
2861 1365 3149 1431 concludit
3188 1367 3281 1430 iile
3322 1384 3396 1431 ex
3440 1370 3895 1432 circumcisionis
3932 1371 4070 1448 ritu,

796 1503 971 1566 quem
1014 1484 1350 1547 habuerunt
1385 1482 1455 1562 11,
1502 1484 1634 1544 104.
1739 1480 1828 1544 Ad
1885 1483 2132 1546 eandem
2174 1483 2522 1547 Colchorum
2579 1485 2856 1560 originem
2899 1482 3190 1546 Pindarus
3243 1488 3488 1563 putatur
3529 1485 3590 1547 in
3633 1484 3725 1547 his
3769 1484 4073 1548 allusisse:

799 1604 867 1676 ἐς
911 1605 1120 1668 Φᾶσιν
1182 1594 1233 1661 δ’
1275 1593 1483 1662 ἔπειτ’
1527 1592 1891 1680 ἐνὴλυθον,
1939 1592 2106 1662 ἔνθα
2150 1594 2627 1662 κελαινώπεσσι
2675 1593 3053 1682 Κόλχοισιν
3105 1596 3260 1675 βίαν
3327 1595 3561 1682 plima,
3645 1597 3854 1684 Δι’ἠτᾳ
3911 1597 4065 1684 παρ’

798 1714 1011 1804 αὐτῷ.
1097 1717 1267 1792 Pyth.
1312 1717 1407 1778 14.
1448 1718 1504 1777 4.
1612 1713 1779 1793 Apud
1837 1715 2193 1780 Herodotum
2239 1716 2276 1779 Ι.
2338 1715 2375 1778 Ι.
2452 1718 2827 1780 nominantur
2903 1711 3369 1803 μελάγχροες,
3445 1718 3673 1792 nigram
3739 1721 3960 1798 cutem,
4010 1721 4078 1779 et

800 1829 1211 1923 οὐλότριχες
1256 1832 1481 1909 crispos
1524 1830 1765 1908 capillos
1804 1830 2110 1895 habentes.
2188 1831 2401 1896 Vocem
2445 1824 2558 1895 αἶα
2604 1849 2712 1911 per
2755 1833 3100 1911 aphaeresin
3139 1831 3293 1895 idem
3333 1848 3505 1912 esse,
3560 1831 3716 1910 quod
3763 1837 3858 1896 εει
3908 1830 4070 1911 γαΐα

797 1956 923 2018 sive
960 1951 1045 2034 γῆ
1089 1949 1354 2028 plurimis
1393 1947 1602 2025 placet.
1681 1946 2014 2023 Magnetum
2063 1947 2251 2012 fuisse
2305 1949 2516 2013 dicitur
2567 1951 2913 2014 vocabulum
2978 1954 3439 2028 usurpatamque
3475 1954 3570 2012 εει
3608 1950 3977 2028 potissimum
4008 1947 4071 2010 in

799 2071 994 2136 ionIca
1033 2069 1154 2129 sive
1196 2066 1364 2142 epica
1406 2062 1687 2143 dialecto,
1723 2079 1799 2126 ex
1843 2078 1959 2141 qua
2002 2066 2062 2127 in
2098 2067 2455 2142 tragicorum
2493 2071 2805 2145 poetarum
2840 2083 2986 2129 usus
3026 2066 3276 2129 transiit.
3357 2063 3472 2127 Sed
3507 2067 3684 2128 etiam
3727 2069 3821 2129 est
3859 2079 4070 2127 nomen

801 2187 1117 2268 proprium.
1202 2181 1698 2244 Commemoratur
1739 2170 1863 2242 Αἶα
1913 2178 2299 2255 Θεσσαλῶν,
2356 2181 2695 2259 significans
2736 2186 2857 2246 sive
2901 2181 3104 2244 urbem
3147 2183 3268 2244 sive
3292 2183 3606 2258 regionem.
3692 2180 3874 2255 Quid?
3918 2177 4073 2258 quod

808 2294 930 2367 Αἶα
982 2298 1323 2377 simpliciter
1363 2295 1434 2359 de
1479 2295 1745 2359 Colchide
1789 2298 2044 2374 positum
2086 2302 2181 2360 est
2218 2295 2406 2377 Apoll.
2444 2298 2627 2362 Rhod.
2667 2299 2735 2380 ΙΙ,
2780 2301 2918 2362 422.
2999 2299 3062 2362 ln
3103 2297 3444 2362 Herodoteis
3493 2292 3770 2380 Κολχίς
3817 2295 4076 2359 additum

806 2422 916 2482 est.
995 2417 1140 2478 Nam
1183 2412 1225 2494 1,
1273 2415 1311 2476 2
1353 2413 1627 2489 legimus:
1673 2407 1741 2480 ἐς
1786 2402 2020 2475 Αἶάυτε
2066 2409 2385 2495 Κολχίδα
2432 2409 2539 2476 καὶ
2586 2410 2701 2477 ἐπὶ.
2735 2417 2944 2478 Φᾶσιν
2990 2413 3321 2497 ποταμόν.
3389 2414 3542 2477 Haec
3583 2411 4076 2492 perpendentibus

805 2531 1107 2612 Euripides
1146 2530 1326 2594 videri
1366 2534 1565 2607 potest
1602 2530 1916 2607 scripsisse
1939 2525 2238 2612 Κόλχων
2280 2523 2351 2599 ἐς
2392 2520 2575 2606 Αἶαν,
2623 2531 2776 2610 quod
2816 2532 3115 2610 pulchrius
3141 2536 3319 2610 atque
3343 2532 3606 2594 ornatius
3635 2536 3746 2594 est.
3805 2529 4086 2592 Ceterum.

802 2667 938 2715 cum
998 2650 1111 2712 hoc
1166 2645 1452 2710 Colchidis
1502 2646 1733 2708 nomine
1804 2645 2253 2723 appellationem
2310 2663 2518 2724 regum
2582 2651 2708 2712 eius
2779 2653 2974 2715 terrae
3033 2651 3402 2712 coniunctam
3479 2648 3666 2711 fuisse
3721 2647 4073 2710 coniicimus.

809 2767 1148 2845 Complures
1187 2779 1393 2827 eorum
1435 2778 1646 2825 nomen
1684 2762 1902 2825 Aeetae
1941 2761 2301 2843 habuerunt,
2360 2763 2517 2843 quod
2566 2768 2822 2828 testatur
2859 2765 3076 2830 Strabo
3120 2764 3220 2828 lib.
3259 2764 3321 2827 1:
3388 2761 3521 2827 Καὶ
3566 2757 3708 2826 ἔστι
3754 2759 3899 2832 τοῖς
3941 2755 4078 2824 ἐκεῖ

809 2880 1001 2948 τοῦτ’
1048 2875 1407 2966 ἐπιχώριον
1451 2870 1776 2957 τοῦνομα.
1848 2876 1970 2942 vid.
2007 2881 2259 2959 interpp.
2302 2879 2379 2943 ad
2418 2880 2681 2961 Xenoph.
2719 2881 2977 2946 Anabas.
3014 2882 3082 2964 V,
3124 2884 3183 2963 7,
3222 2885 3323 2947 37.
3405 2882 3590 2956 Quum
3633 2882 3862 2960 Aeetes,
3901 2882 4076 2957 pater

806 3001 1069 3082 Medeae,
1133 2999 1285 3063 Solis
1320 2997 1472 3061 filius
1514 3000 1595 3060 sit
1631 2995 2005 3079 eiusdemque
2046 2998 2167 3061 iilia
2207 2999 2406 3080 Circe,
2466 3001 2645 3063 etiam
2698 3001 2847 3065 haec
2903 3002 2965 3064 in
3012 3001 3204 3063 insuia
3263 2998 3533 3063 habitare
3592 2996 3858 3076 fingitur,
3920 3010 4074 3075 quae

809 3108 934 3182 Δῖα
972 3115 1200 3180 dicitur.
1277 3114 1414 3177 Inde
1459 3112 1616 3193 apud
1657 3113 1968 3177 Homernm
2011 3113 2215 3189 odyss.
2251 3115 2348 3196 ix,
2391 3118 2472 3179 32
2515 3117 2679 3180 Circe
2720 3123 2817 3181 est
2856 3116 3069 3201 Διάἱη.

1053 3225 1596 3315 Συμπληγάδας.
1696 3230 1893 3309 Rupes
1932 3232 2084 3295 istae
2137 3234 2425 3296 nominari
2462 3230 2653 3298 solent
2693 3230 2963 3298 κυάνεαι
3006 3230 3267 3318 πέτραι.
3366 3232 3687 3309 Utrumque
3727 3228 4075 3294 vocabulum

808 3347 1293 3428 Symplegadibus
1332 3344 1548 3410 addidit
1583 3344 1886 3425 Euripides
1929 3348 2105 3411 1253.
2185 3348 2534 3429 Plerumque
2573 3350 2990 3430 Symplegades
3031 3350 3370 3430 simpliciter
3408 3351 3968 3427 commemorantur,
4007 3349 4078 3410 ιιι

806 3466 966 3548 apud
1010 3465 1207 3529 Strab.
1246 3464 1288 3546 i,
1335 3465 1433 3527 21.
1512 3462 1684 3542 Apud
1733 3464 2084 3542 Sophoclem
2138 3464 2376 3529 eaedem
2436 3468 2805 3547 appellantur
2861 3465 3127 3533 Κυάνεα
3167 3463 3430 3550 πελάγη
3475 3467 3668 3543 Aniig.
3708 3467 3864 3544 9553
3919 3461 4075 3542 apud

807 3586 1179 3651 Theocritum
1239 3574 1715 3664 Συνδρομὰδες
1776 3579 1922 3661 xlss,
1989 3582 2089 3644 22.
2198 3582 2473 3648 Ceterum
2547 3590 2748 3648 utrum
2810 3579 3340 3670 Ξυμπληγάὸες.
3423 3599 3502 3647 an
3570 3572 4075 3667 Συμπληγὰδες

812 3699 1184 3769 scribendum
1221 3699 1333 3779 sit,
1372 3713 1491 3762 non
1529 3713 1742 3762 moror.
1823 3697 1906 3762 De
1947 3698 2063 3762 hac
2097 3715 2182 3780 re,
2224 3714 2377 3778 quae
2427 3705 2523 3764 est
2573 3704 2800 3765 incerta
2844 3706 2908 3765 et
2942 3700 3241 3765 erroribus
3299 3700 3504 3781 plena,
3565 3715 3682 3764 non
3738 3699 3892 3760 satis
3939 3711 4074 3761 con·

805 3817 1061 3882 siderate
1092 3815 1391 3879 Porsonus
1422 3812 1497 3875 ad
1528 3813 1639 3876 h.l.
1667 3812 1947 3895 disputat,
1992 3812 2221 3878 dicens:
2254 3815 2410 3878 hanc
2450 3817 2716 3894 regulam
2756 3818 2894 3881 mihi
2931 3817 3114 3882 semel
3152 3818 3283 3897 ipse
3322 3818 3524 3895 statui,
3567 3821 3636 3879 ut
3677 3807 3802 3895 ξύν
3842 3829 4078 3892 semper

805 3952 914 4017 pro
961 3929 1078 3999 σύν
1121 3932 1437 3996 scriberem
1453 3979 1472 4014 ,
1513 3932 1615 3995 ubi
1655 3949 1763 4013 per
1804 3938 2056 3998 metrum
2096 3940 2159 3998 et
2200 3951 2477 4000 numeros
2515 3936 2734 3999 liceret.
2810 3934 2874 3997 Id
2932 3937 3186 4010 castigat
3234 3932 3600 3998 Hermannus
3638 3934 3699 3995 in
3752 3929 4074 3994 adnotatio·

807 4052 1013 4131 nibus,
1073 4053 1239 4113 cuius
1293 4051 1643 4113 sententiam
1704 4051 2140 4131 amplectimur,
2203 4053 2463 4128 tragicos
2516 4053 2630 4116 sibi
2683 4054 2744 4115 in
2799 4052 2914 4114 hac
2970 4067 3036 4114 re
3076 4066 3195 4114 non
3236 4051 3605 4129 constitisse,
3665 4063 3776 4111 nec
3812 4046 4078 4124 reguiam

807 4168 1079 4247 aliquam,
1121 4163 1226 4228 sed
1263 4164 1419 4244 quod
1454 4167 1515 4228 in
1556 4181 1789 4245 quoque
1830 4166 1958 4230 loco
2003 4166 2242 4230 auribus
2287 4169 2476 4244 magis
2516 4167 2876 4232 blandiretur
2917 4166 3011 4231 vel
3049 4168 3325 4230 usitatius
3366 4169 3559 4245 esset,
3601 4169 3885 4242 sequutos
3922 4178 4077 4225 esse.

808 4284 871 4346 In
927 4288 1275 4345 transcursu
1339 4298 1668 4363 monemus,
1739 4283 2159 4362 Symplegades
2221 4300 2402 4348 sensu
2461 4283 2714 4363 quodam
2774 4283 3030 4361 figurato
3085 4286 3257 4364 poni,
3330 4288 3399 4346 ut
3457 4281 3612 4361 apud
3656 4278 4076 4343 Tertullianum

809 4398 1088 4463 adversus
1125 4398 1473 4462 Marcionem
1511 4399 1555 4479 1,
1602 4400 1673 4462 2:
1740 4399 1937 4463 »Duos
1975 4400 2254 4464 Ponticus
2319 4400 2461 4467 deos
2516 4400 2723 4482 affert,
2784 4406 3066 4480 tanquam
3116 4400 3265 4464 duas
3305 4395 3726 4478 Symplegadas
3782 4395 4076 4473 naufragii

808 4517 927 4593 sui,
964 4531 1138 4594 quem
1175 4531 1390 4592 negare
1432 4531 1551 4580 non
1582 4518 1807 4597 potuit,
1850 4523 2209 4598 creatorem,
2262 4517 2320 4581 id
2356 4522 2452 4583 est
2490 4524 2791 4582 nostrum:
2832 4524 2895 4582 et
2932 4534 3107 4597 quem
3149 4517 3403 4597 probare
3443 4531 3559 4578 non
3600 4515 3835 4594 poterit,
3878 4511 3938 4575 id
3978 4513 4080 4574 est

805 4649 1037 4696 suum«.
1118 4632 1450 4695 Praemissa
1491 4637 1587 4696 est
1622 4633 1715 4697 his
1755 4634 1948 4698 verbis
1988 4634 2327 4698 Tertulliani
2366 4633 2681 4713 descriptio
2722 4635 2894 4699 Ponti
2955 4638 3279 4699 memoratu
3320 4632 3514 4709 digna.
3604 4630 3689 4693 Ea
3742 4629 3856 4693 hoc
3904 4625 4076 4690 modo

806 4747 1041 4812 finitur:
1107 4750 1298 4812 omnia
1341 4754 1601 4832 torpent,
1660 4753 1853 4815 omnia
1890 4752 2109 4833 rigent,
2170 4751 2313 4815 nibil
2367 4751 2486 4815 illic
2532 4754 2645 4816 nisi
2698 4752 2907 4817 feritas
2956 4751 3145 4833 calet,
3205 4751 3306 4815 ilia
3344 4748 3600 4830 scilicet,
3650 4762 3803 4827 quae
3839 4744 4078 4810 fabulas.
