4625 5950
1623 704 2677 793 —21—

514 936 732 1018 werde,
770 936 1099 1015 entspricht
1137 934 1288 998 auch
1327 932 1542 1012 gerade
1580 933 1684 998 der
1721 934 2245 1013 psycbologiscben
2278 935 2630 1011 Eriahrung.
2711 935 2983 997 Attamen
3021 948 3137 996 non
3171 929 3655 1011 praetereundum
3676 934 3790 1012 est,

518 1054 796 1118 Glaucam
837 1069 954 1118 non
990 1053 1150 1117 ferro
1193 1051 1604 1117 obtruncatam
1646 1068 1779 1116 esse
1800 1099 1819 1135 ,
1873 1050 1977 1117 sed
2024 1051 2289 1116 vestibus
2346 1051 2647 1115 venenatis
2701 1049 3061 1130 confectam,
3127 1065 3278 1127 quae
3339 1050 3448 1128 ipsi
3509 1063 3545 1111 a
3589 1045 3787 1111 Medea

516 1167 767 1234 donatae
806 1173 979 1233 erant
1018 1172 1082 1232 et
1120 1183 1228 1247 per
1250 1167 1468 1231 llberos
1490 1165 1754 1231 traditae.
1798 1167 2126 1247 Eodemque
2154 1168 2323 1232 modo
2349 1169 2696 1231 interemtus
2738 1170 2833 1229 est
2853 1166 3058 1247 Creon,
3100 1167 3226 1229 eius
3267 1170 3436 1245 pater
3491 1167 3648 1229 1126
3664 1180 3793 1255 sqq·

517 1284 767 1349 Creonta
804 1284 1136 1362 intelligunt
1173 1299 1282 1363 per
1324 1275 1647 1370 τύραννον
1688 1287 1751 1347 et
1788 1277 1905 1345 τὸν
1947 1280 2257 1366 γήμαντα
2301 1282 2375 1346 de
2415 1282 2622 1345 Iasone
2662 1287 2916 1345 sumunt.
3006 1282 3125 1344 Iam
3163 1298 3303 1344 vero
3347 1281 3520 1346 lason
3561 1282 3794 1346 omnino

516 1416 636 1464 non
674 1399 1023 1464 interfectus
1062 1404 1190 1480 est,
1246 1414 1438 1478 neque
1493 1399 1708 1480 Creon,
1776 1402 1846 1462 ut
1896 1397 2181 1478 diximus,
2237 1398 2416 1462 ferro.
2534 1397 2816 1477 Loquitur
2871 1402 3070 1460 tamen
3110 1396 3306 1461 Medea
3364 1402 3428 1461 et
3478 1396 3549 1460 de
3585 1397 3794 1460 Iasone

516 1515 912 1581 interficiendo
958 1517 1075 1580 165
1117 1520 1181 1580 et
1216 1518 1357 1579 379.
1398 1509 1678 1601 νεκροὺς
1724 1510 1953 1596 θήσω.
2017 1511 2277 1598 πατέρα
2325 1535 2397 1577 τε
2444 1509 2553 1575 καὶ
2602 1512 2799 1597 κόρην
2843 1510 3035 1579 πόσιν
3081 1509 3139 1576 τ’
3185 1508 3362 1600 ἐμόν.
3464 1512 3793 1592 Eodemque

517 1631 689 1696 modo
730 1637 868 1697 ante
885 1632 1071 1695 Creon
1091 1633 1207 1696 201
1245 1647 1354 1712 per
1391 1633 1628 1695 nuntios
1670 1646 1797 1695 enm
1839 1649 1967 1696 rem
2004 1630 2279 1695 edoctus:
2322 1627 2439 1695 τὸν
2470 1625 2670 1694 δόντα
2700 1625 2809 1692 καὶ
2842 1626 3150 1712 γήμαντα
3192 1624 3299 1692 καὶ
3342 1626 3790 1715 γαμουμένην.

517 1747 698 1826 igitur
740 1753 1048 1813 runanent
1088 1748 1464 1812 difficultates
1502 1750 1601 1811 vix
1640 1746 2049 1828 expediendae.
2130 1747 2194 1810 Si
2238 1749 2370 1827 quis
2413 1745 2588 1827 dicat,
2632 1761 2751 1810 non
2791 1762 2941 1825 opus
2984 1762 3117 1810 esse
3158 1752 3227 1809 ut
3264 1749 3464 1810 nutrix
3490 1745 3561 1810 de
3589 1748 3796 1810 mortis

518 1878 735 1941 genere
775 1870 1052 1930 accurate
1091 1864 1384 1946 disputet,
1424 1864 1772 1945 respondeo,
1816 1867 2055 1943 poetam
2097 1863 2209 1926 sibi
2249 1878 2366 1926 non
2408 1860 2806 1926 contradicere
2848 1877 3044 1941 posse.
3131 1861 3296 1925 Aliud
3343 1868 3468 1941 est,
3511 1864 3562 1924 si
3602 1860 3795 1925 Medea

516 1981 647 2058 ipsa
693 1979 765 2042 de
806 1983 1011 2045 mortis
1049 1981 1395 2064 generibus,
1463 1980 1674 2061 quibus
1729 1986 1853 2044 tres
1902 1980 2293 2060 inimicorum,
2354 1979 2573 2060 Creon,
2640 1978 2855 2042 Glauca
2918 1984 2980 2044 et
3034 1979 3206 2043 lason
3248 1978 3537 2043 afficiendi
3579 1982 3797 2060 essent,

521 2095 806 2160 deliberat
843 2100 984 2161 380.
1064 2097 1151 2161 lbi
1189 2100 1679 2161 commemoratur
1717 2096 2079 2177 incendium,
2137 2096 2360 2161 ferrum
2379 2142 2398 2175 ,
2439 2110 2741 2159 venenum.
2821 2094 2992 2159 Aliud
3031 2101 3166 2176 est,
3228 2098 3280 2159 si
3319 2100 3497 2175 poeta
3541 2097 3800 2172 tragicus

519 2211 583 2275 in
620 2210 857 2276 fabulae
898 2212 1141 2292 prologo
1180 2227 1253 2277 ea
1295 2212 1757 2294 praesignificat,
1800 2226 1953 2292 quae
1993 2213 2056 2275 in
2093 2228 2295 2275 rerum
2333 2213 2487 2275 inter
2528 2227 2595 2274 se
2638 2226 2926 2275 nexarum
2965 2211 3164 2276 ordine
3208 2227 3279 2275 ac
3323 2215 3475 2276 serie
3517 2216 3796 2276 eventura

518 2334 675 2397 suut.
751 2328 936 2405 Igitur
977 2332 1178 2392 statuo
1216 2329 1397 2392 verba
1440 2327 1529 2413 μὴ
1572 2324 1828 2414 &ymbe
1858 2359 1940 2370 —
1974 2322 2195 2412 λέχος
2237 2324 2309 2390 de
2349 2325 2551 2390 liberis
2593 2326 2875 2406 capienda
2915 2343 3081 2407 esse3
3124 2329 3428 2406 sequentia
3472 2322 3794 2415 τύραννον

521 2438 640 2508 τόν
680 2464 756 2507 τε
791 2440 1103 2525 γήμαντα
1157 2443 1230 2510 de
1273 2444 1490 2509 Glauca
1547 2449 1609 2509 et
1662 2445 1884 2508 Iasone.
1968 2443 2113 2507 Nam
2169 2444 2387 2506 Glauca
2440 2445 2775 2507 nominatur
2828 2438 3061 2527 νύμφη
3121 2437 3449 2531 τύραννος
3498 2445 3672 2508 1055.
3757 2445 3795 2522 ἢ

522 2551 852 2642 τύραννος
920 2558 1083 2647 κόρη
1152 2562 1346 2641 1115;
1415 2562 1583 2657 regis
1635 2559 1770 2623 iiiia.
1867 2548 2102 2643 νύμφη
2165 2554 2445 2633 ,Βασιλίς
2509 2561 2649 2622 970.
2729 2560 2812 2623 De
2864 2559 3069 2625 eadem
3110 2566 3472 2639 usurpantur
3511 2560 3800 2625 formulae

524 2672 859 2759 νεογάμου
908 2672 1114 2762 κόρης
1153 2679 1311 2757 328;
1373 2672 1744 2759 νεοδμὴτου
1788 2677 1940 2755 620;
2005 2666 2333 2761 νεοζύγου
2381 2667 2656 2761 νύμφης
2699 2680 2853 2757 799;
2915 2673 3128 2746 νέανις
3180 2678 3356 2741 1140.
3451 2677 3606 2742 Ilaec
3645 2680 3798 2741 ratio

523 2796 766 2871 propter
810 2790 1007 2856 addita
1051 2790 1167 2860 τόν
1212 2816 1288 2857 τε
1327 2790 1635 2877 γήμαντα
1678 2791 2070 2872 praeferenda
2131 2809 2265 2856 esse
2324 2792 2567 2857 videtur.
2661 2792 2938 2857 Similiter
2986 2792 3210 2876 ’γήμας
3275 2787 3599 2882 τύραννον
3660 2798 3797 2859 866.

524 2908 731 2973 Scribe
769 2925 877 2989 pro
920 2903 957 2996 ἢ
1003 2902 1114 2973 καὶ
1158 2906 1479 3000 τύραννον
1518 2909 1680 2974 raclii
1715 2909 2115 2974 emendatione
2157 2903 2195 2995 ἢ
2242 2907 2360 2988 τὴν
2407 2901 2753 2997 τύραννον.
2846 2910 2968 2973 Iam
3022 2910 3268 2994 dixeris,
3312 2912 3425 2976 hoc
3467 2911 3637 2977 modo
3679 2927 3797 2977 non

521 3042 852 3091 sermonem
887 3043 1022 3092 esse
1056 3025 1129 3092 de
1166 3028 1415 3092 Creonte
1456 3029 1668 3092 occiso.
1752 3027 1969 3108 opinor
2011 3028 2080 3092 de
2121 3043 2192 3091 eo
2254 3044 2396 3105 rege
2456 3028 2716 3093 noluisse
2776 3027 2915 3107 quid
2969 3033 3207 3108 poetam
3248 3045 3647 3112 praemonere,
3693 3032 3797 3094 aut

521 3146 808 3208 nutricem
847 3160 967 3209 non
1006 3146 1320 3226 cogitasse,
1359 3146 1483 3208 sive
1523 3150 1683 3210 metu
1726 3144 1979 3225 quodam
2027 3145 2151 3208 sive
2190 3146 2566 3209 veneratione
2610 3144 2939 3209 adductam.
3018 3145 3191 3210 Vides
3240 3161 3372 3211 eam
3427 3154 3633 3212 contra
3675 3165 3799 3212 ser·

522 3277 751 3326 monem
791 3260 992 3325 facere
1027 3258 1102 3324 de
1138 3260 1346 3324 Iasone
1382 3276 1501 3326 non
1543 3263 1757 3344 occiso,
1796 3278 1973 3342 quem
2013 3264 2272 3327 occisum
2312 3264 2385 3324 iri
2427 3267 2648 3326 temere
2689 3261 2981 3327 divinavit.
3023 3263 3097 3326 Ut
3119 3263 3307 3328 Creon
3342 3266 3514 3327 simul
3554 3265 3798 3343 intelligi

522 3380 741 3460 possit,
800 3377 1060 3443 scribere
1099 3393 1414 3457 possumus
1459 3370 1496 3464 ἢ
1540 3373 1709 3448 τοὺς
1751 3372 2124 3462 τυράννους
2167 3380 2309 3459 sive,
2355 3378 2510 3457 quod
2549 3379 2883 3456 Scaligerus
2925 3378 3129 3462 voluit,
3178 3380 3409 3444 dualem
3461 3378 3786 3467 τυράννω.

523 3496 774 3561 Restant
809 3493 961 3558 duae
1000 3495 1150 3558 aliae
1188 3497 1482 3576 rationes,
1545 3510 1697 3574 quae
1744 3495 1886 3558 mibi
1927 3497 1988 3559 in
2027 3500 2283 3559 mentem
2324 3501 2640 3577 venerunt,
2702 3495 2776 3559 ad
2832 3497 3014 3560 istum
3070 3505 3349 3562 vexatum
3393 3500 3584 3563 locum
3622 3517 3800 3580 expe·

522 3612 807 3678 diendum.
889 3613 965 3675 Ut
1001 3613 1266 3676 Iasonem
1309 3628 1424 3676 non
1466 3612 1845 3677 inieri'ectum
1900 3628 1975 3675 ex
2037 3612 2233 3675 verbis
2290 3627 2727 3694 removeamus,
2791 3611 2910 3678 τόν
2964 3637 3042 3678 τε
3100 3612 3410 3698 ’γήμαντα
3469 3623 3573 3680 aut
3628 3618 3800 3682 aliter

519 3728 1021 3810 interpretandum
1052 3733 1149 3793 est
1190 3734 1294 3792 aut
1334 3729 1751 3807 corrigendum.
1836 3728 2137 3809 Quumque
2185 3727 2347 3791 nulia
2397 3732 2652 3794 varietas
2706 3729 2971 3794 lectionis
3011 3733 3126 3813 sit,
3189 3737 3349 3795 totus
3390 3738 3589 3797 autem
3630 3734 3795 3797 locus

525 3848 632 3913 tali
670 3846 842 3912 modo
878 3848 1275 3926 compositus,
1318 3849 1387 3908 ut
1425 3862 1525 3909 res
1569 3844 1876 3909 obscurius
1916 3847 2307 3927 enuntientur,
2349 3847 2412 3909 in
2451 3845 2734 3910 vocabulo
2774 3845 3083 3930 γήμαντα
3126 3865 3203 3912 ex
3244 3852 3546 3929 proposito
3586 3856 3800 3930 poetae

524 3968 709 4030 latere
751 3967 950 4043 potest
989 3962 1301 4040 singularis
1341 3962 1577 4041 quidam
1621 3978 1849 4027 sensus.
1929 3962 2165 4027 Scilicet
2201 3962 2317 4026 hoc
2355 3962 2618 4045 verbum,
2659 3979 3015 4044 quamquam
3057 3980 3214 4047 raro,
3257 3973 3579 4046 usurpatur
3618 3968 3795 4031 etiam

526 4082 599 4147 de
635 4079 1004 4161 parentibus,
1068 4081 1169 4158 qui
1201 4078 1419 4143 llberos
1457 4082 1518 4144 in
1559 4082 1991 4144 matrimonium
2042 4079 2364 4161 collocant,
2425 4096 2502 4143 ex
2553 4095 2672 4159 qua
2711 4082 3082 4160 anssquorum
3124 4082 3540 4148 consuetudine
3581 4086 3795 4163 signin·

525 4200 813 4263 cntionem
875 4196 1291 4261 vocabulorum
1342 4198 1547 4275 sponsi
1599 4202 1663 4260 et
1716 4212 1971 4277 sponsae
2022 4201 2184 4261 recte
2239 4195 2640 4275 explicaveris.
2735 4198 2856 4261 Hoc
2906 4200 2958 4261 si
3012 4201 3144 4277 quis
3204 4205 3464 4265 statuere
3523 4203 3666 4268 velit
3719 4206 3795 4271 ab

525 4313 796 4394 Euripide
852 4312 1077 4376 factum
1113 4328 1275 4393 esse,
1318 4312 1500 4377 verba
1542 4306 1864 4397 τύραννον
1907 4310 2025 4378 τόν
2070 4337 2146 4378 τε
2184 4310 2492 4398 γήμαντα
2549 4314 2620 4379 de
2671 4314 2887 4377 Glauca
2942 4321 3004 4380 et
3048 4316 3295 4380 Creonte
3347 4320 3479 4396 capi
3526 4330 3798 4404 possunt,

528 4432 629 4510 qul
672 4429 849 4493 fillum
903 4429 1096 4493 Iasoni
1146 4434 1395 4508 nuptum
1446 4427 1621 4493 dedic
1736 4430 1920 4508 Igltur
1981 4437 2146 4494 esset
2194 4425 2310 4493 τὸν
2377 4428 2689 4514 ’γήμαντα
2748 4429 2933 4513 idem,
3013 4430 3166 4510 quod
3229 4434 3348 4496 265
3411 4429 3527 4498 τὸν
3593 4431 3794 4506 δόντα

526 4541 874 4630 θυγατέρ’.
959 4546 1184 4610 Sensus
1223 4549 1421 4610 autem
1473 4550 1787 4625 propterea
1844 4546 2149 4624 ambIguus
2165 4594 2183 4628 ,
2243 4549 2517 4627 quoniam
2575 4546 2874 4613 auditores
2927 4549 3106 4612 etiam
3160 4548 3231 4611 de
3283 4549 3489 4615 Iasone
3540 4557 3800 4631 cogitare

525 4666 819 4745 poterant.
900 4663 1175 4727 Attamen
1210 4662 1348 4727 huic
1379 4664 1748 4727 coniecturae
1775 4661 2071 4727 audaciori
2099 4679 2217 4728 non
2255 4662 2502 4727 multum
2532 4664 2746 4746 tribuo,
2787 4679 2967 4745 quum
3003 4663 3213 4729 idonea
3256 4671 3433 4747 atque
3471 4668 3799 4734 indubitata

526 4781 655 4844 eius
693 4777 861 4844 verbi
893 4794 1038 4843 usus
1079 4779 1347 4861 exempla
1387 4777 1617 4844 desunt.
1695 4778 2099 4845 Audacissima
2139 4781 2290 4846 ratIo
2304 4828 2325 4864 ,
2381 4797 2559 4863 quam
2601 4783 2733 4862 quis
2774 4781 2967 4862 possit
3003 4781 3254 4849 suadere
3261 4830 3280 4866 ,
3344 4786 3550 4850 nltitur
3603 4785 3798 4851 verbis
