4625 5950
1579 680 2633 768 —13—

526 913 791 976 notantia
824 910 957 976 inde
998 910 1075 974 ab
1114 910 1347 976 Homeri
1382 911 1578 973 aetate
1620 908 1810 973 ubivis
1845 910 1984 988 poni
2023 909 2232 974 solent.
2324 910 2485 974 Inest
2524 914 2724 973 tamen
2765 909 2980 989 aliquid
3023 911 3085 974 in
3124 910 3321 976 verbis
3366 903 3530 976 ὅταν
3576 943 3658 957 -
3692 908 3784 995 μὴ

528 1022 933 1112 διχοστατῆ,
978 1026 1134 1107 quod
1172 1040 1672 1106 supervacaneum
1709 1042 1844 1089 esse
1880 1023 2163 1090 videatur.
2217 1025 2285 1089 Ni
2321 1026 2516 1107 fallor,
2554 1026 2669 1090 boc
2712 1028 2905 1090 minus
2938 1029 3307 1109 sentiremus,
3349 1030 3404 1092 si
3435 1026 3794 1092 scriberetur

526 1127 715 1231 ἥπερ.
803 1142 1015 1208 Νοσεῖ
1053 1140 1143 1207 τά
1188 1137 1500 1223 φίλτατα
1554 1146 1660 1206 aut
1714 1144 2036 1220 generatim
2089 1143 2461 1220 intelligenda
2510 1148 2651 1207 sunt
2701 1141 2772 1207 de
2828 1146 2914 1207 rei
2972 1142 3362 1226 domesticae,
3421 1145 3793 1225 matrimonii,

522 1261 1045 1338 consanguinitatis
1083 1267 1146 1324 et
1186 1259 1493 1324 affinitatis
1526 1257 1951 1323 necessitudine
1993 1257 2146 1323 male
2180 1258 2398 1324 affecta
2416 1307 2435 1340 ‚
2495 1265 2600 1322 aut
2628 1261 2967 1324 nominatim
3020 1258 3093 1324 de
3143 1261 3272 1340 ipso
3309 1259 3542 1325 Medeae
3582 1261 3794 1325 marito

522 1379 849 1459 carissimo,
888 1379 1096 1443 insano
1139 1393 1339 1443 amore
1382 1382 1671 1457 correpto.
1750 1377 1895 1440 Nam
1948 1373 2037 1438 τά
2085 1371 2393 1453 Φίλτατα
2436 1382 2794 1458 usurpatur,
2854 1378 3106 1440 maxime
3160 1379 3221 1441 in
3270 1379 3587 1442 amicorum
3638 1392 3794 1443 com·

521 1491 949 1575 pelletionibus,
990 1493 1063 1559 de
1096 1495 1380 1574 personis.
1461 1494 1564 1558 lon
1602 1494 1821 1558 invenlt
1854 1497 2100 1572 patrem.
2177 1492 2315 1557 Inde
2361 1487 2441 1557 σύ
2488 1490 2550 1556 τ’
2592 1480 2681 1556 αὖ
2726 1489 2813 1556 τά
2861 1488 3173 1572 φίλτατα
3217 1475 3426 1580 εὗρες.
3507 1494 3610 1558 Ion
3649 1494 3789 1556 573.

521 1609 837 1675 Praeterea
874 1615 1198 1690 usurpatur
1237 1611 1325 1674 τά
1372 1605 1683 1688 φίλτατα
1728 1609 1801 1674 de
1840 1611 2089 1673 hominis
2144 1611 2265 1673 vita
2315 1610 2437 1673 Alc.
2483 1612 2624 1674 331.
2718 1610 3054 1689 Comparari
3094 1614 3296 1689 potest
3330 1610 3577 1675 locutio:
3642 1599 3789 1674 οὔτ’

524 1722 588 1790 ἐν
634 1723 899 1807 φίλοισι
944 1723 1060 1808 σὴν
1103 1725 1476 1809 παρουσίαν
1520 1720 1732 1806 λέγω,
1797 1728 1858 1790 iu
1911 1726 2089 1791 rebus
2149 1728 2371 1807 gratis,
2447 1733 2514 1790 ut
2566 1727 2807 1791 Bothius
2859 1728 3283 1806 interpretatus
3337 1731 3433 1791 est
3490 1727 3612 1790 Alc.
3654 1726 3796 1799 604,

524 1841 848 1924 Opponltur
885 1840 947 1907 ἐν
994 1843 1343 1929 ψυχροῖσι
1383 1845 1571 1922 Antig
1616 1847 1713 1908 88.
1791 1844 1931 1909 Pari
1971 1843 2144 1909 modo
2190 1842 2277 1907 τά
2324 1843 2556 1928 πρῶτα
2600 1847 2721 1907 906
2797 1841 2869 1907 de
2923 1845 3205 1922 personis.
3285 1842 3539 1908 Verbum
3579 1841 3790 1907 νοσεῖν

521 1959 593 2025 de
632 1963 810 2025 variis
850 1960 1160 2026 affectibus
1176 2008 1195 2042 ,
1236 1976 1289 2023 v.
1313 1977 1365 2024 c.
1404 1958 1476 2024 de
1516 1975 1733 2041 amore,
1770 1960 2017 2038 insania,
2058 1961 2169 2041 ira,
2211 1959 2363 2041 odio,
2404 1961 2695 2024 translato
2735 1976 2916 2024 seusu
2956 1961 3301 2039 saepissime
3336 1962 3397 2025 in
3439 1961 3791 2038 tragicorum

517 2082 829 2158 poetarum
883 2077 1236 2142 carminibus
1294 2092 1365 2140 ac
1419 2076 1896 2157 philosophorum
1949 2075 2440 2156 disputationibus
2494 2079 2745 2156 ponitur.
2846 2076 3123 2141 Oratores
3177 2076 3461 2141 vocabula
3504 2074 3687 2143 νόσοι
3729 2081 3793 2140 et

519 2193 729 2259 νοσεῖν
775 2194 847 2259 de
887 2194 1075 2258 turbis
1115 2195 1408 2258 intestinis
1446 2195 1746 2257 civitatum
1782 2198 2089 2271 usurpant.
2174 2193 2338 2257 cont.
2371 2193 2730 2257 Schaeferus
2761 2192 2835 2258 ad
2862 2194 3157 2258 Demosth.
3177 2193 3425 2273 Philipp.
3464 2196 3548 2267 Γ,
3595 2194 3655 2269 §-
3692 2194 3786 2257 12.

518 2311 642 2375 Hoc
677 2312 808 2377 loco
851 2309 1060 2376 νοσεῖν
1103 2311 1177 2375 de
1218 2309 1459 2374 dissidio
1498 2309 1703 2375 domus
1747 2310 1973 2374 Iasonis
2017 2312 2169 2373 sumi
2207 2315 2422 2389 potest.
2504 2309 2706 2374 Verte:
2749 2327 2903 2377 nunc
2936 2315 3132 2375 autem
3168 2313 3285 2391 ipsi
3323 2310 3555 2375 Medeae
3596 2311 3789 2375 omnia

517 2428 721 2495 odiosa
760 2435 902 2493 sunt
938 2434 1001 2494 et
1032 2429 1272 2493 turbata
1312 2428 1657 2508 carissima;
1710 2427 1834 2492 sive
1872 2426 2062 2491 deleto
2105 2433 2395 2492 commate
2431 2432 2569 2505 post
2609 2430 2831 2490 πάντα
2871 2459 2952 2472 -
2994 2443 3148 2492 nunc
3186 2442 3326 2492 vero
3372 2428 3564 2491 omnia
3605 2429 3785 2490 caris·

516 2549 667 2611 sima
716 2546 919 2612 odiose
974 2549 1117 2609 sunt
1171 2549 1234 2608 et
1287 2528 1561 2624 misam,
1614 2545 1702 2606 ita
1756 2548 1826 2606 ut
1883 2543 2106 2608 πάντα
2162 2540 2251 2606 τὰ
2313 2537 2621 2620 Φίλτατα
2681 2539 2908 2627 ἐχθρά
2955 2540 3065 2606 καὶ
3108 2541 3289 2608 νοσεῖ
3345 2543 3787 2620 coniunguntur.

517 2664 841 2729 Schoenius
878 2666 1084 2728 vertit:
1125 2665 1186 2725 in
1223 2660 1552 2725 discrimine
1592 2664 1904 2724 versantur
1943 2661 2248 2724 carlssima
2288 2674 2371 2724 sc.
2411 2659 2643 2724 vincula
2685 2660 3026 2741 coniugalia,
3066 2659 3220 2739 quod
3246 2675 3365 2724 nou
3396 2659 3783 2739 probaverim.

515 2781 811 2845 vocabulo
872 2775 1098 2865 ἐχθρά
1160 2781 1569 2855 antegressum
1633 2772 2052 2862 συμφέρουσ’
2109 2779 2444 2855 oppositum
2496 2781 2602 2840 est.
2705 2774 2914 2841 Νοσεῖ
2961 2776 3147 2859 idem,
3207 2775 3361 2856 quod
3421 2771 3779 2863 διχοςατῆ.

514 2898 764 2964 Deserta
804 2902 899 2962 est
938 2895 1169 2977 Medea3
1212 2894 1431 2960 deserti
1472 2896 1612 2957 sunt
1650 2892 1836 2974 liberi,
1878 2908 2057 2971 quum
2097 2893 2271 2958 lason
2315 2894 2626 2976 Glaucam,
2683 2894 2946 2958 Creontis
2986 2893 3197 2976 illlam,
3251 2894 3313 2956 in
3352 2892 3784 2958 matrimonium

515 3016 729 3082 ducere
767 3016 921 3080 velit.
971 3008 1350 3101 Προδοῦναι
1390 3016 1486 3076 est
1523 3010 1793 3076 deserere
1831 3010 1898 3073 V.
1940 3012 2040 3074 3².
2121 3004 2253 3074 Καὶ
2296 3009 2386 3093 μὴ
2432 3007 2796 3096 προδοῦναι
2836 3007 3141 3076 λίσσεται
3187 3011 3310 3075 Alc.
3344 3013 3478 3074 196.
3531 3005 3779 3097 γάμοις

510 3129 899 3214 βασιλικοῖς
945 3122 1291 3216 εὐνάζεται
1350 3131 1572 3208 nuptiis
1615 3144 1747 3192 cum
1787 3128 1943 3205 regis
1990 3126 2110 3191 illia
2163 3127 2526 3192 celebrandis
2582 3128 2796 3192 lectum
2858 3128 2975 3192 sibi
3012 3133 3202 3209 parat.
3280 3127 3346 3191 Si
3386 3129 3517 3207 quis
3557 3126 3781 3191 mavult

510 3246 761 3336 γάμοις
802 3248 874 3313 de
915 3249 1046 3329 ipsa
1086 3263 1272 3311 uxore
1310 3245 1632 3323 intelligere
1672 3250 1735 3307 et
1771 3237 2117 3331 εὐνάζεται
2175 3244 2246 3308 de
2286 3245 2632 3326 concubitu,
2693 3244 2846 3325 quod
2907 3262 2984 3310 ex
3042 3246 3329 3310 sermonis
3389 3244 3594 3309 Graeci
3642 3258 3779 3308 cou-

508 3366 815 3432 suetudine
845 3366 972 3429 fieri
1009 3369 1226 3446 potest,
1264 3379 1382 3428 non
1423 3365 1661 3427 resisto.
1719 3360 1881 3426 Conf.
1920 3360 2159 3447 γαμεῖς
2198 3357 2416 3446 ’γάμον
2461 3364 2600 3425 623.
2671 3358 2984 3447 άισυμνᾷ.
3066 3362 3425 3427 scholiastes
3471 3356 3776 3446 ἡγεῖσθαι

511 3480 624 3548 καὶ
668 3478 906 3571 ἄρχειν
947 3481 1253 3561 explicet,
1298 3479 1460 3545 Conf.
1496 3478 1776 3543 Heracliti.
1812 3480 1951 3542 2oo.
2034 3477 2204 3542 Addit
2248 3474 2431 3548 ι’δίιυς
2479 3472 2547 3541 δὲ
2577 3473 2779 3565 φησὶν
2823 3473 3251 3564 ’Δριςοτὲλης
3292 3470 3420 3543 ὑπὸ
3454 3474 3773 3563 Κυμαίων

507 3598 915 3688 άισυμνὴτην
958 3593 1073 3662 τὸν
1118 3590 1431 3682 ἄρχοντα
1472 3592 1817 3677 λέγεσθαι.
1903 3595 2129 3659 Cltntui·
2154 3595 2501 3660 Aristoteles
2543 3595 2615 3658 de
2650 3612 2773 3674 rep.
2814 3596 2908 3677 111,
2933 3596 3090 3677 o,5;
3140 3597 3237 3677 io,
3282 3596 3335 3657 1.
3380 3589 3417 3677 ἦ
3460 3592 3770 3680 αἰσυμνη-

508 3718 651 3783 τεία
680 3715 940 3782 refertur
962 3714 1035 3779 ed
1067 3729 1284 3793 genera
1304 3708 1660 3791 βασιλείας
1693 3716 1755 3775 et
1774 3711 2159 3796 μοναρχίας
2198 3709 2520 3791 diciturque
2547 3710 2702 3791 apud
2740 3711 3147 3791 philosophum
3183 3710 3407 3799 αἱρετὴ
3437 3710 3769 3797 τυραννίς.

748 3832 967 3898 Nomen
1017 3827 1428 3914 αἰσυμνήτηρ
1491 3830 1615 3893 site
1679 3823 2091 3914 αἰσυμνήτης
2150 3828 2510 3893 transfertur
2560 3827 2634 3891 ad
2684 3827 2952 3893 ludorum
3006 3828 3372 3893 sollemnium
3425 3827 3681 3892 arbitros
3736 3843 3773 3891 a

506 3951 723 4031 populo
765 3950 1004 4014 electos.
1083 3948 1148 4011 Si
1188 3947 1629 4024 originationem
1667 3944 1933 4009 vocabuli
1992 3946 2253 4025 quaeris,
2318 3948 2626 4024 perspicue
2682 3944 2985 4010 deducitur
3024 3961 3061 4009 a
3097 3961 3241 4011 voce
3286 3936 3440 4009 αἶσα
3486 3960 3557 4009 ea
3599 3945 3776 4022 signi·

505 4068 808 4148 ficatione,
852 4070 920 4128 ut
960 4067 1166 4145 cuique
1211 4064 1467 4127 tribuere
1484 4109 1503 4145 ‚
1547 4060 1703 4141 quod
1741 4064 1834 4124 ius
1873 4065 1938 4126 et
1986 4061 2084 4124 fas
2127 4062 2407 4141 habetur,
2464 4061 2759 4142 designet,
2823 4078 2930 4126 nec
2972 4067 3209 4142 praeter
3247 4062 3509 4140 regulam
3549 4067 3658 4124 aut
3690 4061 3777 4123 in·

507 4200 768 4264 congrua
800 4188 898 4248 est
933 4181 1194 4246 struendi
1231 4183 1356 4244 eius
1396 4181 1546 4245 ratio
1590 4196 1722 4242 cum
1764 4180 2032 4257 genitivo.
2113 4178 2258 4242 Nam
2310 4181 2505 4242 omnia
2562 4180 2736 4243 verba
2753 4225 2771 4259 ,
2835 4195 2985 4259 quae
3027 4178 3264 4258 regendi
3305 4180 3597 4242 notionem
3640 4194 3776 4242 con·

508 4307 729 4385 tinent,
786 4317 921 4365 cum
959 4299 1075 4363 hoc
1114 4313 1257 4362 casu
1297 4299 1436 4377 poni
1477 4297 1699 4377 solent,
1754 4296 1953 4375 qualia
1993 4301 2135 4359 sunt
2175 4293 2517 4369 ἀνάσσειν,
2584 4291 2965 4369 βασιλεύειν
2990 4344 3007 4370 ,
3067 4287 3303 4379 ἄρχειν
3328 4340 3347 4369 ,
3408 4288 3768 4378 δεσπόζειν,

507 4413 958 4503 τυραννεύειν,
1027 4413 1289 4498 κρατεῖν
1333 4413 1493 4494 rell.,
1560 4429 1712 4493 quae
1757 4411 1988 4490 quidem
2046 4411 2324 4491 loquendi
2359 4412 2715 4476 consuetudo
2759 4413 2849 4477 vel
2891 4427 2930 4475 a
2971 4414 3170 4492 poetis
3203 4411 3458 4491 Latinis,
3507 4411 3771 4489 inprimis

506 4537 766 4615 Horatio,
805 4537 1072 4598 assumta
1112 4536 1222 4595 est.
1278 4531 1359 4594 De
1400 4532 1628 4594 nomine
1668 4530 1821 4593 tiliae
1846 4530 2135 4609 Creontis,
2173 4535 2241 4592 ut
2265 4528 2378 4592 hoc
2401 4528 2630 4609 addam,
2670 4528 2857 4593 refert
2891 4527 3239 4592 scholiastes
3254 4546 3276 4589 ι
3311 4521 3771 4613 Κλειτόδημος

504 4652 622 4734 μὲν
665 4646 1010 4737 Κρέουσὰν
1059 4648 1226 4732 Φησι
1274 4643 1650 4717 καλεῖσθαι,
1700 4639 2186 4732 ’Δναξικράτης
2230 4642 2298 4706 δὲ
2319 4638 2666 4730 Γλαύκην·
2751 4644 3045 4709 vocabule
3085 4635 3433 4730 δύστηνος,
3483 4639 3770 4705 τάλαινα

507 4774 570 4833 et
611 4768 725 4832 alia
762 4766 823 4831 id
862 4782 1068 4847 genus,
1105 4765 1205 4830 ubi
1245 4764 1317 4830 de
1352 4762 1551 4829 uedea
1580 4761 1953 4842 intelligenda
1984 4766 2144 4843 sunt,
2182 4761 2406 4826 habent
2444 4779 2517 4827 ex
2557 4764 2686 4840 lege
2729 4761 3056 4842 articulum,
3097 4763 3197 4839 qui
3237 4776 3440 4825 eorum
3477 4760 3771 4823 notionem
