4625 5950
2031 670 3021 756 *8-

870 903 1073 965 ‘minus
1124 899 1471 963 latinitatem
1485 943 1504 979 ,
1579 910 1755 976 quam
1809 898 2290 976 perspicuitatem
2352 900 2941 979 circumspicientium
2999 901 3329 979 ponuntur,
3392 894 3480 962 uti
3526 897 3677 963 licet.
3793 896 3947 963 Sunt
3987 896 4152 964 'enim

880 1018 1236 1097 caussativa,
1279 1016 1579 1094 operativa
1619 1018 1680 1077 et
1718 1016 2081 1078 instructiva.
2160 1015 2438 1080 Addimus
2480 1016 2629 1081 haec
2668 1016 2973 1096 exempla:

1122 1129 1410 1207 ἂΐστόω,
1456 1131 1687 1213 facere,
1730 1136 1798 1194 ιιι
1838 1132 1976 1211 quid
2017 1124 2249 1197 ἄϊστον
2298 1136 2381 1197 sit
2418 1135 2476 1197 h.
2513 1151 2561 1197 e.
2606 1138 2937 1215 evanescat,

1127 1245 1462 1330 ἁκριβόω,
1508 1248 1741 1330 facere,
1783 1254 1852 1311 ut
1889 1249 2026 1329 quid
2070 1247 2351 1335 ἀκριβὲς
2394 1252 2475 1314 sit
2512 1250 2571 1314 h.
2614 1268 2664 1314 e.
2703 1255 3079 1330 accuratum,
3122 1249 3485 1331 perfectum,
3530 1249 3763 1315 subtile.

1126 1361 1382 1450 δηλόω,
1423 1365 1652 1446 facere,
1695 1371 1765 1428 ut
1803 1366 1940 1445 quid
1982 1361 2181 1448 δῆλον
2228 1368 2308 1429 sit
2345 1367 2402 1430 b.
2446 1383 2496 1429 e.
2537 1366 2932 1431 manifestum.

1125 1481 1350 1571 ἱερόω,
1397 1482 1629 1564 facere,
1673 1487 1740 1545 ut
1779 1483 1917 1563 quid
1965 1482 2133 1568 ἱερόν
2180 1486 2259 1548 sit
2296 1485 2354 1547 h.
2399 1499 2449 1548 e.
2487 1499 2759 1565 sacrare,
2801 1500 3166 1549 consecrare.

1125 1598 1380 1688 κυρόω.
1431 1598 1664 1682 facere,
1702 1604 1770 1662 ιιι
1809 1599 1946 1679 quid
1988 1597 2197 1687 κῦρος
2239 1603 2319 1664 sit
2357 1601 2417 1665 h.
2455 1617 2507 1664 e.
2544 1601 2827 1681 stabilire,
2871 1600 3230 1665 confirmare.
3313 1599 3478 1665 Conf.
3514 1602 3634 1664 948
3681 1598 4152 1690 κενοῖςχέρας.

1207 1715 1378 1779 Aliud
1414 1717 1570 1779 inest
1608 1718 1670 1780 in
1706 1716 1837 1780 his:
2078 1786 2099 1803 κ

1127 1828 1395 1918 κληρόω
1441 1835 1670 1912 operari
1710 1836 1832 1915 ita,
1874 1838 1943 1897 ut
1983 1833 2120 1913 quid
2159 1833 2454 1899 efficiatur
2491 1840 2653 1899 sorte
2697 1836 2820 1900 sive
2862 1833 3176 1899 sortiendo.

1123 1947 1409 2037 χρυσόα·
1452 1951 1684 2028 operari
1722 1953 1834 2031 ita,
1877 1955 1946 2013 ιιι
1985 1950 2123 2030 quid
2163 1966 2373 2015 aurum
2412 1951 2534 2015 flat.
2613 1952 2869 2032 Denique

1128 2063 1437 2145 ςεφαυόω
1494 2071 1588 2130 est
1639 2069 1932 2131 instruere
2005 2071 2127 2131 sive
2187 2085 2399 2133 ornare
2458 2070 2709 2150 aliquem
2788 2084 3022 2134 corona.
3120 2068 3398 2133 Similiter
3457 2064 3805 2152 σφοιρόω,
3882 2064 4152 2152 χολόω,

881 2182 1230 2270 retamim,
1281 2182 1634 2270 κατουρόω
1680 2183 1753 2247 al.
1839 2182 1962 2248 Huc
1997 2176 2250 2264 per-'tinet
2292 2181 2618 2271 ἐρετμόω,
2666 2185 2820 2266 quod
2868 2187 3159 2265 significat
3194 2187 3373 2249 remis
3410 2188 3721 2266 instruere.

1128 2302 1544 2378 antegressum
1560 2295 1773 2382 πεύκη
1819 2301 1892 2363 ad
1933 2302 2174 2365 verbum
2215 2303 2596 2381 repetendum
2636 2309 2743 2367 est.
2829 2304 3007 2368 Pinus
3038 2304 3269 2368 Peliaca
3310 2305 3433 2367 sive
3460 2303 3616 2379 Argo
3655 2317 3865 2365 manus
3903 2303 4158 2366 virorum

884 2422 1058 2486 remis
1098 2419 1395 2481 instruxit.
1476 2417 1753 2481 Similiter
1797 2416 2234 2500 ὁρτυιὲεσθαι
2292 2416 2557 2509 ἐρετμά.
2618 2420 2801 2500 Apoll.
2842 2421 2910 2502 11,
2952 2422 3091 2484 522.
3174 2421 3374 2483 Suasit
3412 2420 3801 2499 Musgravius,
3842 2424 3911 2482 ut
3951 2415 4155 2502 χέρες

881 2539 1136 2619 legatur,
1173 2534 1328 2615 quod
1367 2534 1539 2598 facile
1581 2539 1676 2598 est
1716 2535 2033 2617 intellectu,
2075 2539 2127 2600 si
2150 2552 2241 2601 ‘ex
2283 2536 2504 2616 periodi
2541 2538 2704 2601 initio
2753 2529 3027 2616 ὤφελον
3072 2541 3409 2615 suggeritur
3463 2542 3525 2601 et
3583 2532 3946 2621 ἐρετμῶσαι
3990 2537 4159 2600 remi-

883 2655 1059 2735 gandi
1092 2652 1516 2731 significatione
1555 2652 1811 2730 positum
1853 2669 1988 2717 esse
2027 2655 2326 2717 statuitur.
2370 2653 2488 2719 Sed
2520 2657 2640 2718 iam
2667 2655 2964 2720 Porsonus
3004 2671 3134 2720 eam
3176 2658 3573 2720 coniecturam
3612 2670 3731 2718 non
3770 2651 4159 2732 recipiendam

884 2791 1017 2840 esse
1057 2772 1284 2834 censuit
1322 2771 1509 2831 citans
1552 2786 1629 2833 ex
1670 2770 1985 2845 Hesychio:
2029 2766 2397 2856 ἐρετμώσαι
2444 2766 2702 2842 κώπαις
2745 2769 3052 2855 ἁρμόσαι.
3103 2805 3184 2816 -
3230 2769 3616 2860 ἂριςὲων.
3699 2770 3950 2848 Vulgata
3987 2770 4161 2837 lectio

884 2894 979 2956 est
1019 2886 1285 2971 ἂρίςων.
1370 2885 1669 2949 Porsonus
1711 2891 1773 2949 et
1813 2886 2206 2951 Wakefleidus
2247 2887 2324 2950 ad
2365 2890 2695 2952 Lucretium
2733 2906 2843 2969 pro
2888 2888 3128 2974 ἂρὶςων
3193 2890 3461 2955 scribunt
3514 2885 3823 2976 ἂριςὲων,
3885 2887 4041 2968 quod
4086 2886 4161 2950 ab

884 3006 1188 3087 Apollonio
1224 3002 1446 3067 Rhodio
1486 3019 1666 3083 saepe
1706 3009 2030 3084 usurpatur
2066 3006 2138 3069 de
2182 3006 2552 3083 Argonautis.
2636 3008 2799 3071 Hanc
2840 3008 3145 3072 lectionem
3183 3010 3372 3072 reiicit
3409 3007 3714 3071 Elmsieius
3755 3006 3830 3071 ob
3873 3020 4003 3069 eam
4035 3021 4162 3069 rem

888 3127 964 3191 ab
1007 3125 1339 3188 Hermanno
1373 3122 1786 3201 reprehensus.
1860 3121 2011 3185 Dicit
2051 3123 2457 3187 Hermannus:
2503 3124 2719 3188 »Recte
2759 3125 2842 3187 iili
2856 3173 2875 3207 ,
2915 3127 3015 3205 qui
3054 3121 3330 3212 ὀριςὲων
3375 3124 3746 3189 scribendum
3788 3122 4163 3190 contendunt·

888 3243 1034 3307 Nam
1068 3241 1181 3305 boc
1220 3239 1413 3303 solum
1450 3238 1588 3302 huic
1628 3239 1758 3303 ioco
1797 3223 2001 3319 aptum
2042 3245 2170 3322 est,
2231 3243 2369 3321 quia
2411 3240 2481 3304 de
2517 3241 2647 3305 sola
2686 3242 2783 3305 hic
2822 3242 3125 3307 nobilitate
3165 3259 3360 3307 sermo
3422 3258 3558 3307 esse
3608 3246 3862 3322 potest«.
3944 3240 4162 3317 Quibus

889 3360 1221 3440 opponitur,
1258 3356 1607 3420 vocabulum
1649 3349 1867 3444 ἅριςοι
1910 3357 2239 3435 significare
2266 3360 2445 3421 etiam
2473 3360 2801 3440 optimates,
2845 3358 2999 3439 quod
3033 3359 3207 3424 facile
3237 3360 3521 3440 exemplis
3548 3358 3805 3424 docetur.
3870 3356 4163 3446 ἂριςὲων,

888 3476 1209 3542 refutatum
1254 3488 1291 3536 a
1326 3473 1550 3538 Klotzio
1564 3521 1582 3555 ,
1626 3474 1838 3538 nollem
1878 3477 2201 3555 recepisset
2238 3476 2285 3538 N
2289 3475 2549 3539 auckius.
2636 3474 2877 3563 ἂρίςων
2945 3477 3219 3557 probavit
3269 3477 3592 3541 Schoenius
3605 3525 3624 3558 ,
3685 3479 3928 3542 retinuit
3961 3477 4166 3542 Kirch-

888 3592 1106 3659 bofflus
1122 3638 1140 3672 ,
1219 3592 1318 3670 qui
1369 3591 1796 3670 prolegomenis
1857 3592 1928 3655 de
1980 3591 2143 3655 libris
2192 3591 2482 3672 Euripidis
2558 3593 2977 3673 manuscriptis
3034 3593 3293 3659 Medeam
3348 3593 3759 3659 exhibentibus
3818 3611 3889 3659 eo
3948 3596 4165 3675 optime

887 3709 1240 3793 promeritus
1295 3712 1413 3802 est·
1449 3707 1519 3771 de
1571 3707 1777 3772 fabula
1830 3714 2070 3791 nostra,
2129 3709 2283 3789 quod
2341 3708 2605 3774 codicum
2642 3710 2898 3774 familias
2940 3712 3163 3790 primus
3208 3713 3510 3774 constituit
3525 3758 3544 3792 ,
3600 3714 3687 3775 ita
3728 3714 3796 3776 ut
3835 3711 4010 3776 iidem
4048 3727 4168 3776 non

885 3830 1287 3906 numerentur,
1324 3824 1430 3888 sed
1463 3841 1667 3890 eorum
1710 3829 2033 3891 auctoritas
2076 3826 2447 3907 ponderetur.
2509 3826 2625 3891 Nos
2649 3827 2946 3891 Matthiaei
2974 3827 3245 3891 iudicium
3279 3827 3620 3909 probamus,
3662 3825 3936 3915 ἂριςὲων
3977 3844 4167 3908 neque

885 3943 1276 4007 damnandum
1295 3989 1315 4024 ,
1374 3944 1426 4005 si
1485 3945 1572 4005 ita
1621 3946 1909 4022 scriptum
1960 3946 2345 4026 reperiretur,
2405 3959 2630 4025 neque,
2692 3959 2872 4023 quum
2932 3946 2993 4007 in
3051 3944 3240 4008 altera
3297 3944 3545 4010 lectione
3599 3943 3735 4009 libri
3774 3950 4165 4028 consentiant,

885 4057 1353 4141 praeferendum.
1432 4058 1635 4123 Nullus
1671 4059 1894 4142 dubito,
1935 4058 2177 4144 ἂρίςων
2217 4059 2289 4124 de
2331 4063 2588 4126 virorum
2644 4062 2985 4127 fortitudine
3036 4062 3472 4140 intelligendum
3512 4080 3677 4145 esse,
3734 4062 3908 4144 idque
3946 4065 4167 4128 rectius

888 4191 925 4239 a
967 4178 1193 4240 nutrice
1234 4174 1509 4258 proferri,
1548 4190 1723 4255 quam
1754 4192 1886 4240 eam
1923 4177 2116 4257 ipsam
2154 4177 2338 4241 verba
2380 4177 2577 4242 facere
2621 4177 2693 4244 de
2733 4180 3205 4255 Argonautarum
3242 4178 3578 4262 nobilitate,
3633 4179 3789 4260 quod
3831 4181 4163 4245 Hermanno

885 4292 1073 4354 visum
1113 4296 1225 4357 est.
1307 4288 1651 4375 μετῆλθον
1695 4292 2055 4358 scholiastes
2094 4294 2352 4374 explicat
2388 4291 2736 4381 ἐκόμισαν,
2777 4297 2873 4358 cui
2926 4296 3094 4359 multi
3132 4298 3551 4361 assentiuntur.
3634 4296 3752 4362 Sed
3791 4293 4163 4381 μετελθεῖν,

886 4407 1040 4489 quod
1082 4410 1318 4488 proprie
1358 4415 1454 4473 est
1490 4411 1644 4474 inter
1684 4410 1831 4473 alios
1867 4409 2165 4493 incedere,
2223 4413 2402 4474 etiam
2458 4411 2736 4476 accedere
2780 4417 2843 4476 et
2884 4415 3195 4494 persequi,
3257 4429 3292 4477 e
3335 4416 3628 4478 contextis
3668 4430 3802 4478 esse
3844 4412 4021 4479 debet
4056 4417 4161 4497 ire,

888 4530 955 4588 ut
991 4523 1128 4603 quid
1168 4531 1486 4604 quaeratur
1523 4531 1586 4591 et
1622 4528 2021 4604 investigetur.
2065 4528 2225 4592 Coni’.
2251 4527 2407 4591 lliad.
2447 4532 2507 4610 6,
2548 4530 2691 4593 280.
2734 4528 2989 4605 Thucyd.
3027 4530 3071 4611 1,
3111 4531 3214 4611 34,
3253 4531 3331 4611 2;
3377 4532 3515 4613 124,
3554 4531 3596 4593 1.
3637 4535 3700 4595 et
3740 4529 3815 4593 ad
3851 4531 3963 4596 hos
3997 4531 4160 4595 iocos

886 4639 1235 4717 Kruegerus.
1315 4642 1518 4707 Nescio
1560 4642 1699 4723 quid
1735 4644 2053 4726 impediat,
2113 4660 2229 4724 quo
2283 4645 2477 4709 minus
2540 4644 2612 4709 de
2672 4645 2915 4711 diversis
2976 4646 3182 4711 formis
3239 4641 3431 4732 δέρος
3470 4652 3535 4711 et
3574 4639 3771 4732 δέρας
3809 4653 4164 4729 statuamus,

888 4763 1168 4837 utrasque
1211 4772 1247 4821 a
1291 4761 1529 4838 tragicis
1582 4762 1776 4840 poetis
1835 4765 2155 4841 usurpatas
2204 4777 2357 4826 esse.
2381 4761 2396 4778 ³
2449 4758 2638 4848 δέρος
2694 4763 2916 4829 babent
2965 4764 3024 4829 n.
3072 4765 3112 4828 i.
3147 4765 3484 4846 Porsonus,
3545 4763 3941 4829 Kirchbofflus
3963 4810 3982 4846 ,
4037 4764 4166 4844 aiii3
