4625 5950
1611 687 2667 776 *ιδ-

1250 897 1331 979 οὖ
1377 911 1451 998 53,
1497 913 1851 1001 ’χολωθεὶς
1895 915 2222 987 τέκτονας
2267 913 2412 984 δίου
2454 913 2671 1004 πυρὸς

1247 1029 1482 1097 κτείνω
1528 1024 1945 1103 Κύκλωπας·
1994 1033 2107 1096 καί
2146 1056 2226 1114 με
2269 1027 2575 1121 θητεύειν
2613 1030 2832 1120 πατὴρ

1238 1148 1470 1230 θνητῷ
1511 1145 1668 1234 παρ’
1715 1145 1920 1232 ἀνδρὶ,
1967 1145 2156 1212 τῶνδ’
2204 1143 2445 1225 ἄποιν’,
2490 1145 2857 1232 ἣνὰγκασεν
2903 1148 3115 1214 Alcest.
3155 1150 3340 1215 5—7.

1268 1260 1560 1350 Ψυχράν
1601 1262 1742 1345 μὲν,
1795 1255 1999 1349 οἶμαι,
2040 1264 2284 1353 τέρψιν
2339 1268 2479 1329 344.

504 1371 756 1459 ἂμοιβὴ
802 1378 1290 1455 permutationem
1332 1394 1402 1441 ae
1440 1380 1893 1444 vicissitudinem
1937 1380 2273 1458 significans
2328 1379 2684 1445 transfertur
2746 1380 2821 1444 ad
2875 1382 3350 1461 retributionem,
3413 1399 3663 1462 poenam
3705 1400 3774 1450 ac

500 1495 841 1572 praemium.
925 1488 1186 1559 ἐσθλῶν
1233 1492 1533 1576 ἀμοιβάς
1573 1497 1769 1561 Helen.
1796 1498 1929 1561 159.
1985 1495 2201 1582 κυρεῖν
2224 1512 2358 1560 cum
2391 1498 2643 1574 genitivo
2685 1513 2802 1561 non
2841 1512 2977 1561 raro
3018 1498 3308 1562 invenitur
3345 1499 3417 1563 de
3456 1501 3771 1567 infortunio

501 1614 565 1674 et
604 1610 958 1693 calamitate,
998 1614 1058 1676 in
1099 1628 1277 1692 quam
1314 1616 1445 1693 quis
1484 1614 1697 1677 incidit.
1799 1615 1982 1692 Igitur
2038 1621 2231 1679 verte:
2295 1614 2527 1695 qualem
2584 1615 2952 1677 immutatam
2993 1615 3290 1679 fortunam
3344 1633 3450 1696 per
3507 1618 3772 1682 Iasonem

501 1728 768 1807 acclplat.
848 1728 993 1791 Nam
1039 1723 1116 1807 ἐξ
1158 1728 1228 1791 de
1270 1744 1483 1792 caussa
1527 1729 1872 1809 capiendum
1913 1748 2065 1812 esse,
2109 1737 2373 1811 apparet.
2454 1732 2655 1796 Potuit
2692 1732 3034 1795 indicativus
3079 1731 3266 1816 κυρεῖ
3298 1735 3456 1814 poni,
3500 1737 3772 1812 quoniam

496 1848 626 1907 tota
666 1843 941 1923 periodus
985 1845 1198 1909 obiecti
1232 1846 1380 1927 loco,
1427 1846 1581 1926 quod
1625 1846 1893 1911 absolute
1936 1851 2299 1930 cogitamus,
2337 1850 2693 1912 enuntiatur.
2794 1846 3004 1910 κεῖται
3051 1843 3103 1909 δ’
3153 1841 3388 1917 ἄσιτος
3428 1850 3772 1929 simpliciter

496 1962 646 2024 verti
678 1965 883 2040 potest
918 1961 1151 2026 ἁσιτεΐ.
1243 1964 1389 2026 Nam
1437 1963 1696 2027 κεῖσθαι
1741 1966 1955 2028 tralate
2012 1964 2082 2029 de
2121 1965 2417 2028 hominum
2475 1969 2638 2028 statu
2677 1965 2913 2043 ponitur
2935 2011 2953 2045 ,
3015 1966 3278 2043 inprimis
3325 1966 3558 2030 infelici.
3652 1967 3768 2031 Sed

496 2193 964 2276 commendatur,
1019 2211 1233 2275 corpus
1275 2195 1570 2261 doloribus
1626 2198 1977 2261 submittens
2020 2200 2143 2261 slve
2187 2197 2440 2262 tradens.
2543 2197 2916 2261 Defendimus
2971 2212 3104 2259 cum
3160 2196 3425 2274 plurimis
3481 2201 3763 2278 interpre-

490 2309 651 2373 tibus
692 2310 979 2390 pluralem
1021 2307 1343 2392 ἀλγηδόσι
1385 2316 1511 2377 sine
1551 2313 1723 2377 dubio
1765 2315 2203 2392 exquisitiorem
2243 2320 2304 2378 et
2346 2317 2696 2393 optimorum
2738 2313 3000 2377 codicum
3037 2315 3386 2378 auctoritate
3431 2315 3762 2393 probatum.

493 2428 746 2507 Scripsit
780 2425 1100 2511 ἀλγηδόνι
1139 2431 1470 2512 Porsonus,
1523 2431 1934 2495 nonnullorum
1971 2431 2253 2495 librorum
2294 2432 2626 2494 testimonio
2671 2429 2973 2493 adductus.
3052 2430 3279 2493 Norunt
3330 2446 3563 2511 omnes,
3606 2432 3762 2510 quod

491 2545 815 2611 Schoenius
872 2550 1205 2628 annotavit,
1267 2548 1552 2611 voeabula
1603 2548 1790 2631 σῶμα
1849 2552 1912 2610 et
1967 2543 2205 2632 δέμας,
2270 2554 2340 2612 ut
2398 2549 2512 2611 alia
2565 2552 2796 2626 partem
2858 2547 3121 2625 corporis
3176 2546 3543 2629 denotantia,
3606 2567 3657 2613 e.
3703 2566 3757 2627 g.

493 2655 711 2750 ὄμμα,
776 2659 947 2753 κάρα
991 2664 1062 2728 de
1101 2667 1233 2744 ipsa
1274 2679 1527 2743 persona
1569 2666 1875 2744 usurpari3
1939 2663 2044 2728 sed
2086 2681 2326 2747 vereor,
2391 2683 2465 2729 ne
2517 2665 2591 2728 ab
2636 2664 2748 2727 hoc
2804 2664 2930 2727 loco
2976 2664 3225 2727 alienum
3282 2666 3378 2727 sit.
3475 2665 3758 2731 Praefero

489 2786 898 2845 contextorum
938 2784 1169 2846 ratione
1209 2785 1533 2844 commotus
1575 2797 1788 2860 corpus
1812 2780 2045 2845 Medeae
2079 2781 2419 2863 intelligere,
2460 2797 2576 2845 non
2607 2783 2793 2860 ipsius
2828 2796 3154 2859 personam.
3200 2780 3385 2855 Quum
3413 2779 3755 2861 συντήκειν

487 2915 606 2964 11011
647 2904 877 2963 tantum
917 2902 999 2963 sit
1037 2899 1290 2980 liquare,
1349 2897 1704 2978 liquefacere
1747 2902 1809 2962 et
1849 2915 1919 2963 eo
1956 2898 2127 2963 modo
2178 2917 2277 2963 res
2334 2902 2533 2978 unire,
2590 2899 2844 2962 conflare
2859 2945 2878 2979 ,
2933 2897 3038 2962 sed
3100 2901 3279 2962 etiam
3331 2899 3755 2978 liquefaciendo

485 3035 849 3099 consumere,
889 3018 1255 3098 vocabulum,
1297 3023 1367 3080 ut
1406 3016 1654 3096 simplex
1691 3014 1939 3096 τήκειν,
1984 3018 2220 3096 saepius
2257 3015 2330 3080 de
2371 3018 2626 3080 lacrimis
2668 3019 3008 3095 usurpatur.
3069 3016 3177 3078 Est
3212 3015 3390 3093 igitur
3424 3017 3480 3079 h.
3521 3017 3557 3080 l.
3581 3033 3750 3083 omne

483 3142 717 3217 tempus
746 3151 1086 3202 consumere
1112 3133 1484 3200 lacrimando.
1539 3134 1701 3197 Conf.
1731 3134 1862 3196 142.
1907 3132 2076 3211 Apud
2094 3133 2391 3209 Virgilium
2410 3131 2640 3197 Aeneld.
2665 3132 2734 3213 11,
2749 3132 2869 3195 795
2896 3134 3130 3195 noctem
3160 3145 3501 3196 consumere
3522 3132 3748 3197 dicitur.

481 3259 662 3322 Aliter
703 3255 1052 3319 scholiastes
1092 3246 1546 3335 συντηκομένη
1590 3245 1707 3311 τὸν
1751 3246 1973 3312 πάντα
2013 3247 2291 3332 χρόνον.
2375 3249 2562 3313 Sensu
2606 3251 3009 3329 intransitivo,
3052 3264 3224 3327 quem
3262 3248 3537 3331 dicimuS,
3595 3254 3751 3330 posi-

481 3377 719 3439 tumest
738 3374 861 3435 684
882 3370 950 3434 τι·
985 3370 1114 3455 ’γὰρ
1164 3361 1276 3431 σὸν
1321 3357 1502 3448 ὄμμα
1546 3360 1742 3449 χρώς
1784 3387 1856 3429 τε
1903 3361 2263 3449 συντέτηχ’
2306 3357 2450 3439 &aa
2479 3360 3177 3449 -ἐπεὶ--ἢδικημὲνη
3211 3370 3523 3443 postquam
3564 3372 3751 3433 sensit

479 3510 546 3558 se
585 3491 661 3555 ab
702 3490 915 3552 marito
953 3488 1168 3550 iniuste
1206 3487 1538 3547 tractatam.
1582 3478 1720 3544 ἐπεὶ
1762 3483 1999 3560 saepius
2039 3480 2192 3544 idem
2232 3487 2344 3562 est,
2388 3481 2540 3562 quod
2587 3476 2826 3563 ἐπειδὴ.
2880 3476 3012 3544 ἐπεὶ
3058 3479 3151 3550 εἰς
3195 3477 3744 3569 τάςῈλληνίδας

480 3607 716 3677 πόλεις
777 3598 1074 3692 ἤλθομεν
1141 3600 1405 3679 Xenoph.
1460 3599 1645 3662 Anah.
1684 3598 1753 3670 V,
1795 3599 1863 3678 5,
1946 3593 2081 3662 ἐπεὶ
2123 3597 2470 3667 νεανίσκος
2510 3595 2818 3683 ὲγὲνομην
2874 3602 2933 3678 7,
2976 3600 3035 3678 2,
3075 3600 3174 3660 33.
3270 3599 3629 3665 scholiastes
3670 3602 3744 3664 ad

476 3730 667 3805 Antlg.
713 3726 808 3789 15.
846 3722 1138 3801 explicat:
1183 3711 1318 3782 ἐπεὶ
1359 3708 1504 3780 αντὶ
1549 3712 1674 3779 τοῦ
1719 3712 1849 3793 ἀφ’
1886 3697 1991 3777 οὗ.
2092 3714 2304 3779 Eodem
2349 3715 2515 3779 modo
2555 3717 2851 3779 Porsonus
2891 3714 2965 3776 ad
3005 3716 3383 3778 vexatissima
3423 3717 3522 3780 illa
3562 3717 3745 3781 verba

481 3848 631 3910 139:
675 3836 809 3906 ἐπεὶ
852 3836 940 3923 μὴ
989 3832 1187 3916 φίλια
1235 3830 1589 3915 κέκρανται
1631 3832 1978 3910 particulam
2024 3827 2100 3912 ἐξ
2149 3815 2230 3895 οὗ
2273 3834 2720 3912 interpretatur,
2786 3831 2940 3911 quod
2990 3836 3053 3894 et
3113 3831 3186 3894 ad
3243 3840 3508 3896 nostrum
3549 3835 3740 3899 locum

477 3962 799 4027 Schoenius
841 3960 1081 4021 secutus
1119 3956 1231 4031 est,
1274 3955 1337 4013 et
1377 3949 1543 4012 multi
1585 3950 1684 4010 alii
1723 3950 1829 4011 viri
1871 3948 2025 4013 docti
2064 3949 2510 4027 amplectuntur.
2594 3947 2760 4011 Aliud
2784 3954 2896 4028 est,
2938 3951 2989 4011 si
3029 3951 3278 4013 struitur
3303 3966 3436 4012 cum
3465 3951 3741 4029 optativo.

474 4080 623 4143 Tum
675 4074 1030 4150 intelligatur
1089 4071 1324 4147 oportet
1368 4065 1441 4129 de
1501 4081 1567 4127 re
1618 4066 1855 4143 saepius
1904 4066 2172 4142 repetita.
2273 4065 2535 4143 Xenoph.
2587 4063 2772 4128 Anab.
2824 4064 2920 4145 1v,
2976 4068 3038 4145 7,
3101 4068 3177 4128 lo
3237 4060 3376 4128 ἐπεὶ
3434 4065 3495 4128 οἱ
3554 4060 3740 4128 λίθοι

476 4191 817 4277 φέροιντο.
914 4190 970 4263 §-
1033 4189 1109 4249 17
1169 4177 1302 4247 ἐπεὶ
1363 4177 1765 4269 παρέλθοιεν
1828 4180 1891 4243 οἱ
1933 4174 2288 4263 ”Ελληνες.
2406 4182 2471 4244 111
2545 4181 2638 4244 his
2701 4181 2774 4244 (le
2855 4196 3069 4244 caussa
3131 4183 3282 4243 sumi
3344 4196 3461 4244 non
3526 4187 3739 4259 potest.

473 4307 826 4373 vertendum
884 4309 981 4368 est
1045 4302 1535 4379 quotiescunque,
1597 4301 1667 4359 ut
1720 4296 2043 4374 particulae
2100 4289 2214 4359 ὅτε
2270 4302 2334 4361 et
2391 4294 2592 4361 ὁπότε
2648 4302 2959 4376 ponuntur.
3053 4297 3295 4360 Admota
3359 4300 3420 4360 in
3480 4296 3737 4361 tenebris

469 4426 747 4503 luctuque
790 4421 975 4484 trahit
1014 4420 1213 4496 vitam,
1253 4430 1441 4493 neque
1483 4412 1759 4478 attollens
1801 4412 2003 4476 oculos
2039 4428 2229 4491 neque
2270 4414 2396 4477 solo
2449 4428 2723 4477 amovens
2761 4414 2990 4478 faciem.
3049 4409 3540 4493 ἀπαλλάσσειν,
3584 4414 3736 4494 qnod

469 4545 565 4605 est
605 4538 927 4617 dimittere,
982 4532 1234 4597 llberare
1256 4578 1275 4610 ,
1315 4527 1642 4607 discedere,
1704 4528 1764 4590 11.
1808 4526 1843 4589 l.
1894 4543 2028 4590 esse
2071 4527 2245 4592 debet
2300 4543 2585 4593 amovere.
2684 4530 2879 4595 Habet
2929 4531 3242 4608 genitivum
3287 4534 3528 4609 propter
3568 4545 3736 4609 prae-

468 4656 838 4735 positionem,
881 4665 1130 4730 quacum
1162 4653 1258 4713 est
1294 4646 1698 4724 compositum.
1779 4641 2037 4706 struitur
2075 4646 2252 4708 etiam
2294 4661 2366 4708 eo
2403 4646 2592 4728 modo,
2633 4651 2704 4709 nt
2740 4647 2942 4710 similh
2984 4648 3402 4726 praepositioni
3444 4647 3734 4725 particula

468 4773 820 4853 apponatur,
863 4782 1039 4847 quam
1064 4767 1352 4832 rationem
1392 4763 1621 4828 omnino
1661 4761 1724 4823 et
1767 4760 1970 4826 Graeci
2007 4766 2069 4824 et
2096 4761 2284 4825 Latini
2322 4764 2383 4826 in
2423 4764 2614 4827 verbis
2657 4779 2792 4826 cum
2830 4763 3360 4843 praepositionibus
3398 4765 3738 4842 compositis
