4625 5950
2127 673 2187 758 ¹⁷
2363 717 2654 732 .......-.

522 904 733 978 scenis
760 901 919 968 dedit
971 900 1043 969 de
1096 901 1401 969 sacrificiis
1441 901 1766 966 Taurorum
1820 907 1885 965 et
1937 902 2235 966 amoribus
2270 901 2626 966 ‘Colchorum
2685 905 2748 964 et
2808 898 3084 965 crucibus
3123 899 3540 964 caucasorum.
3622 899 3801 965 Recte

524 1020 752 1085 notavit
790 1017 1113 1083 Schoenius
1171 1018 1244 1082 ad
1286 1019 1346 1082 h.
1389 1018 1453 1100 i.‚
1514 1014 1896 1100 Πλαγκτὰς
1950 1019 2184 1083 Homeri
2240 1016 2446 1093 odyss.
2488 1040 2560 1103 μ,
2598 1019 2681 1081 59
2736 1032 2773 1080 a
2829 1015 3311 1095 Symplegadibus
3362 1015 3798 1094 distinguendas

523 1152 659 1201 esse
693 1151 875 1215 saepe
917 1151 1050 1199 cum
1107 1137 1181 1199 iis
1223 1135 1505 1199 confusas
1520 1183 1539 1215 ‚
1602 1135 1757 1215 quod
1808 1140 1871 1200 et
1924 1135 2263 1212 Pfiugkium
2321 1134 2397 1199 ad
2438 1135 2498 1197 h.
2531 1133 2570 1198 i.
2629 1139 2690 1198 et
2741 1134 2988 1212 Papium
3032 1133 3094 1197 in
3145 1132 3517 1199 Onomastico
3580 1134 3798 1202 Graeco

523 1252 691 1332 fugit.
774 1252 1037 1329 Cyaneas
1076 1252 1390 1331 descripsit
1425 1252 1762 1333 Apollonius
1799 1251 1982 1316 Rbod.
2025 1252 2094 1333 11,
2134 1255 2259 1316 317
2303 1267 2505 1331 seqq:

1115 1365 1293 1432 τάων
1345 1361 1429 1433 οὔ
1473 1391 1618 1433 τινα
1667 1363 1840 1452 φημί
1880 1364 2235 1454 διαμπερὲς
2279 1363 2717 1447 ἐξαλέασθαι.

1121 1482 1203 1550 οὐ
1245 1479 1373 1570 γάρ
1419 1507 1493 1552 τε
1540 1482 1787 1574 ῥίζῃσιν
1835 1481 2191 1570 ἐνήρεινται
2236 1482 2561 1573 νεάτῃσιν·

1122 1597 1338 1669 Ἀλλὰ
1386 1603 1575 1685 θαμὰ
1623 1599 1922 1683 ξυνίασιν
1973 1598 2258 1666 ἐναντίαι
2307 1596 2682 1687 ἂλλὴλησιν

1126 1716 1221 1788 εἰς
1264 1711 1368 1793 ἓν,
1419 1713 1669 1805 ὕπερθε
1713 1715 1781 1781 δὲ
1824 1715 2085 1782 πολλὸν
2134 1716 2304 1788 ἁλὸς
2351 1711 2755 1803 κορθὺνεται
2800 1711 2975 1803 ὕδωρ

1124 1833 1608 1921 βρασσόμενον·
1659 1832 1933 1920 στρηνὲς
1980 1829 2047 1897 δὲ
2087 1834 2237 1915 περὶ
2284 1830 2598 1916 στυφελὴ
2642 1832 2872 1921 βρέμει
2919 1830 3118 1912 ἆκτὴ.

518 1947 585 2011 ln
623 1948 1004 2028 sequentihus
1041 1951 1235 2015 verbis
1270 1950 1593 2030 Euripideis
1631 1953 1926 2030 scriptura
1969 1947 2115 2034 μηδ’
2158 1953 2287 2016 sine
2339 1951 2516 2017 dubie
2573 1966 2713 2016 vera
2754 1957 2881 2034 est,
2935 1967 3046 2015 nec
3099 1965 3208 2030 pro
3244 1949 3432 2014 altero
3474 1945 3624 2035 μηδ’
3665 1965 3800 2014 cmn

517 2064 808 2128 Brunckio
850 2063 1005 2151 μήτ’
1040 2067 1221 2131 scribi
1259 2073 1473 2147 potest.
1570 2069 1716 2132 Nam
1757 2068 2151 2147 adiunguntur
2186 2069 2486 2134 vocabulis
2531 2063 2653 2132 εἴθ’
2696 2060 2945 2149 ὤφελ’,
3001 2082 3154 2146 quae
3195 2065 3393 2130 addita
3434 2071 3573 2130 sunt
3611 2084 3800 2148 neque

519 2178 948 2259 disiunguntur.
1026 2184 1333 2248 Elmsieius
1363 2184 1438 2248 ad
1467 2187 1527 2249 h.
1552 2187 1590 2251 l.
1629 2188 1777 2250 haec
1818 2185 2109 2265 disputat:
2148 2186 2378 2250 Mallem
2421 2183 2578 2269 μήτ’
2610 2180 2977 2270 ὲρετμῶσαι
3009 2186 3200 2263 inquit
3225 2184 3566 2248 Brunckius.
3634 2184 3797 2253 iiaie

519 2293 719 2376 Μὴτε
758 2304 901 2378 post
939 2300 1027 2384 μὴ
1067 2301 1161 2364 vel
1198 2297 1363 2385 μηδὲ
1403 2303 1701 2367 soloecum
1742 2307 1852 2366 est.
1934 2303 2161 2380 Negant
2198 2302 2332 2384 boc,
2371 2301 2478 2366 sed
2517 2301 2745 2366 frustra
2778 2306 3014 2385 negant,
3056 2316 3190 2365 mea
3221 2300 3451 2381 quidem
3485 2304 3797 2383 sententia,

516 2410 885 2478 Hermannus
941 2415 1018 2480 ad
1070 2416 1250 2498 soph.
1302 2419 1389 2482 Ai.
1443 2420 1595 2499 423,
1678 2419 1965 2497 Reisigius
2028 2416 2360 2483 Coniectan.
2424 2421 2486 2482 in
2536 2419 2833 2499 Aristoph.
2888 2418 2929 2481 1.
2985 2433 3044 2498 p.
3091 2420 3225 2482 189.
3327 2417 3485 2481 Citat
3520 2419 3798 2485 Matthiae

519 2529 773 2596 Gramm.
813 2532 877 2596 G.
920 2535 978 2610 §-
1022 2536 1160 2598 602.
1243 2535 1634 2611 Thucydidem
1673 2536 1768 2618 111,
1809 2537 1891 2599 48
1946 2530 2056 2598 καὶ
2097 2531 2265 2621 μηδὲ
2317 2530 2522 2618 οἴκτῳ
2567 2533 2771 2599 πλέον
2819 2533 3196 2620 νείμαντες,
3256 2531 3410 2619 μήτ’
3458 2530 3791 2621 ἐπιεικείᾳ.

519 2646 630 2711 Ubi
663 2644 835 2732 μήτε
884 2644 1091 2733 οἴκτῳ
1131 2652 1353 2716 habent
1407 2668 1611 2717 omnes
1665 2652 1792 2717 fere
1847 2651 2077 2716 codices
2125 2654 2334 2732 scripti
2389 2658 2452 2718 et
2490 2655 2713 2733 primae
2755 2658 3011 2732 quatuor
3049 2650 3350 2717 editiones.
3444 2651 3561 2715 Sed
3598 2654 3797 2717 huius-

516 2764 675 2829 modi
712 2781 947 2831 errores
986 2770 1166 2832 etiam
1204 2775 1410 2833 contra
1450 2770 1730 2834 librorum
1769 2785 2118 2834 consensum
2156 2769 2396 2834 tollendi
2431 2775 2587 2833 sunt.
2624 2768 2766 2832 Vide
2795 2768 2870 2832 ad
2903 2771 3078 2832 1213.
3105 2770 3282 2833 1323.
3358 2770 3517 2832 Haec
3543 2769 3799 2835 Elmsleii

518 2881 725 2958 regula
763 2882 840 2947 ab
877 2883 1208 2949 Hermanno
1260 2888 1322 2949 in
1363 2885 1837 2951 adnotationibus
1893 2889 2187 2965 copiosius
2247 2891 2506 2950 tractata
2564 2892 2626 2951 et
2687 2885 3000 2949 diiudicata
3061 2890 3187 2967 est,
3256 2888 3358 2965 qui
3410 2886 3682 2951 subtilius
3733 2893 3797 2951 et

517 3000 713 3065 verius
754 3000 827 3063 de
867 3003 1176 3081 particulis
1219 2994 1381 3069 οὔτε
1421 3009 1485 3069 et
1523 3000 1693 3090 μήτε
1733 3009 1874 3084 post
1914 2997 1994 3069 οὐ
2038 3009 2103 3068 et
2141 3000 2231 3090 μή
2295 3006 2580 3068 statuisse
2634 3002 2894 3086 videtur,
2977 3018 3331 3084 quamquam
3385 3003 3616 3082 singula
3675 3020 3795 3071 non

508 3119 667 3184 satis
705 3116 889 3183 firmis
930 3123 1291 3198 argumentis
1332 3121 1585 3202 probata
1626 3126 1783 3185 sunt.
1876 3122 2080 3203 Miror,
2135 3122 2461 3186 Por-sonum
2502 3116 2652 3204 μήδ’
2697 3117 2759 3185 ἐν
2802 3115 3072 3185 νάπαισι
3111 3152 3195 3165 -
3234 3116 3386 3206 μήδ’
3428 3116 3794 3208 {perpoliam

517 3234 846 3299 retinuisse.
926 3237 1299 3303 Recentiores
1339 3239 1563 3304 habent
1600 3233 1774 3323 μηδ’.
1877 3239 2095 3318 Pinus,
2156 3253 2234 3301 ex
2279 3253 2397 3318 qua
2437 3239 2596 3316 Argo
2639 3238 2802 3302 facta
2841 3243 2972 3319 est,
3025 3240 3090 3302 in
3144 3238 3504 3303 convallibus
3547 3239 3794 3306 Peliacis

516 3350 719 3415 excisa
751 3368 887 3417 esse
924 3352 1158 3437 dicitur,
1199 3357 1365 3419 cuius
1401 3361 1466 3424 et
1504 3356 1770 3420 Catullus
1806 3372 2031 3421 memor
2072 3356 2189 3419 fuit
2226 3369 2262 3419 a
2308 3356 2574 3433 Piiugkio
2614 3360 3047 3434 peropportune
3087 3357 3382 3419 excitatus
3423 3356 3567 3437 xiv,
3618 3360 3669 3422 1.

758 3468 847 3533 Ba
887 3469 959 3537 de
998 3486 1183 3535 causa
1220 3472 1377 3549 Argo
1419 3475 1752 3538 nominatur
1796 3468 2061 3556 Πηλιὰς
2108 3471 2266 3552 apud
2305 3472 2494 3551 Apoll.
2533 3472 2577 3553 Ι,
2619 3473 2757 3535 525.

764 3585 909 3652 Cum
947 3590 1090 3668 phu
1130 3589 1361 3654 Peliaca
1404 3591 1736 3670 comparari
1772 3594 2026 3668 possunt
2061 3588 2243 3654 verba
2286 3589 2510 3653 Horatii
2552 3588 2653 3652 od.
2696 3588 2742 3671 1,
2788 3592 2897 3652 14:

1132 3777 1141 3784 ‚
1256 3705 1530 3781 Quamvis
1569 3707 1813 3771 Pontica
1850 3708 2045 3788 pinus,

1421 3823 1614 3888 Silvae
1652 3822 1773 3886 iilia
1811 3823 2042 3904 nobilis,

1254 3938 1444 4003 lactes
1481 3945 1546 4003 et
1582 3956 1769 4018 genus
1813 3945 1877 4006 et
1915 3955 2126 4004 nomen
2165 3939 2387 4020 inutile,

520 4048 595 4112 ad
633 4064 808 4130 quem
846 4052 1038 4118 iocum
1075 4056 1434 4136 interpretes
1490 4057 1654 4121 utilia
1711 4061 2151 4134 congesserunt.
2251 4054 2469 4121 πεσεῖν
2526 4055 2827 4135 procidere
2841 4104 2859 4137 ‚
2920 4056 3074 4136 quod
3134 4055 3284 4121 idem
3343 4056 3669 4120 Venusinus
3729 4059 3790 4119 in

517 4170 959 4248 comparatione
998 4172 1237 4237 Achillis
1280 4190 1414 4239 cum
1454 4177 1597 4254 pinu
1636 4173 1895 4237 mordaci
1933 4174 2093 4239 ferro
2132 4175 2254 4237 icta
2287 4176 2485 4253 posuit
2527 4172 2629 4236 od.
2665 4174 2758 4253 iv,
2779 4176 2834 4237 6.
2919 4171 3305 4238 ornatissima
3334 4172 3534 4252 verba,
3578 4171 3790 4251 quibus

518 4283 698 4350 arbor
736 4286 898 4351 ferro
938 4291 1134 4353 accisa
1185 4291 1454 4371 iugisque
1495 4291 1701 4355 avulsa
1741 4290 2090 4357 describitur
2104 4338 2124 4372 ‚
2180 4292 2406 4355 invenis
2444 4293 2497 4354 si
2540 4296 2642 4354 tua
2696 4294 2944 4355 interest
3002 4291 3157 4370 apud
3200 4290 3495 4367 Virgilium
3557 4288 3790 4353 Aeneid.

516 4400 586 4481 11,
645 4403 767 4465 627
812 4420 977 4485 seqq.
1060 4402 1448 4493 ἐρετμῶσαι.
1545 4408 1670 4473 Hoc
1734 4408 2065 4472 factitirum
2125 4409 2430 4472 facessivit
2488 4411 2785 4485 negotium
2857 4406 3291 4486 interpretibus.
3399 4407 3470 4469 Ut
3521 4412 3789 4470 nostrum

514 4518 789 4585 iudicium
823 4522 992 4589 firmo
1031 4524 1410 4591 fundamento
1453 4532 1932 4606 superstruamus
1970 4525 2310 4603 legibusque
2351 4525 2752 4602 grammaticis
2793 4523 3161 4589 stabiliamus
3176 4569 3195 4602 ,
3249 4539 3326 4587 ex
3373 4522 3790 4601 etymologicae

518 4635 819 4703 doctrinae
878 4642 1205 4706 rationibus
1273 4641 1412 4722 quid
1459 4641 1835 4708 statuendum
1902 4642 1983 4705 sit
2036 4641 2334 4720 explicare
2397 4640 2694 4707 debemus.
2794 4642 3079 4704 Factitiva
3127 4639 3307 4702 verba
3349 4645 3488 4703 suut
3547 4639 3790 4717 triplicis

508 4756 765 4832 generis.
843 4756 908 4821 si
945 4759 1212 4824 volumus
1248 4775 1323 4825 ea
1360 4776 1438 4824 ex
1476 4762 1626 4824 artis
1662 4763 1982 4839 praecepto
2022 4765 2231 4823 notare
2246 4802 2266 4839 ‚
2325 4757 2420 4821 liis
2465 4756 2797 4839 vocabulis,
2849 4771 3003 4836 quae
3055 4771 3221 4820 more
3275 4758 3788 4834 grammaticorum
