4625 5950
1971 674 3030 763 *μς-

872 912 1214 990 sequuntur.
1293 901 1462 996 πρὸς
1506 901 1742 994 ἀνδρὸς
1788 905 1973 986 idem,
2028 904 2181 984 quod
2224 920 2408 984 supra
2448 900 2524 987 ἐξ
2566 900 2887 974 Ἰάσονος.
2973 904 3127 967 Usus
3168 900 3587 982 particularum
3627 894 3820 986 πρὸς,
3867 890 4020 976 ὑπὸ,
4064 891 4138 960 ἐκ

874 1028 950 1093 ad
991 1026 1213 1091 formas
1254 1025 1621 1104 passivorum
1660 1026 1986 1103 positarum
2027 1022 2219 1085 facilis
2261 1026 2357 1086 est
2398 1021 2987 1102 perspectu—suut
3028 1022 3308 1085 dictiones
3351 1036 3426 1084 ex
3470 1035 3683 1097 genere
3727 1032 3950 1097 earum,
3988 1029 4140 1096 quae

873 1144 1138 1206 mimicae
1174 1147 1474 1204 vocantur.
1557 1140 1701 1202 Nam
1740 1141 1839 1201 isti
1876 1144 2080 1216 gestus
2123 1153 2448 1202 maerorem
2489 1143 2551 1200 et
2590 1138 2812 1200 luctum
2852 1136 3195 1213 significant.
3279 1134 3424 1210 Quid
3448 1134 3562 1200 sibi
3599 1134 3739 1198 velit
3779 1136 4142 1214 comparatio

874 1259 1106 1324 Medeae
1152 1274 1285 1321 cum
1341 1261 1512 1335 petra
1574 1262 1636 1319 et
1689 1255 1843 1319 unda
1904 1258 2164 1336 marina,
2227 1269 2379 1334 quae
2422 1268 2608 1332 aquae
2660 1268 2828 1318 mons
2867 1253 3096 1316 cumulo
3150 1256 3506 1332 praeruptus
3563 1257 3658 1316 est
3710 1250 3867 1330 virg.
3911 1250 4141 1315 Aeneid.

875 1376 921 1455 Ι,
967 1376 1115 1456 105,
1177 1371 1334 1437 haud
1393 1371 1709 1435 obscurum
1771 1387 1903 1434 esse
1956 1376 2170 1449 potest.
2278 1371 2499 1435 Docent
2547 1369 2729 1433 verba
2793 1362 3023 1433 ἀκούει
3070 1365 3293 1447 φίλων
3357 1366 3519 1431 audit
3571 1369 3792 1431 amicas
3849 1365 4144 1432 admonita

874 1491 950 1556 ad
988 1493 1242 1554 animum
1284 1488 1775 1567 tranquillandum
1814 1488 1877 1551 V.
1906 1491 2038 1551 143.
2119 1487 2359 1550 Scilicet
2384 1488 2609 1565 respuit
2642 1501 2713 1549 ac
2752 1487 2941 1549 reiicit
2986 1500 3188 1548 omnes
3231 1484 3453 1548 luctum
3494 1488 3558 1548 et
3594 1484 3888 1548 miseriam
3928 1484 4140 1548 solatio

894 1613 1172 1672 evaturas
1210 1605 1547 1670 familiares.
1628 1604 1835 1668 Affinis
1876 1610 1972 1668 est
2011 1604 2174 1668 locus
2202 1604 2456 1667 Horatii:
2522 1601 2778 1681 scopulis
2824 1601 3056 1665 surdior
3088 1602 3237 1664 Icari
3276 1617 3450 1665 voces
3494 1601 3655 1665 audit
3689 1600 3880 1666 adbuc
3918 1602 4144 1677 integer

879 1725 1051 1790 Odar.
1094 1724 1188 1805 111,
1227 1726 1268 1787 7
1283 1770 1303 1805 ,
1361 1721 1435 1785 ad
1476 1737 1650 1800 quem
1692 1722 1881 1786 locum
1916 1721 2397 1784 Mitscherlichius
2439 1719 2585 1782 alias
2631 1719 2952 1783 locutiones
3008 1719 3226 1782 similes
3281 1720 3583 1800 excitavit,
3641 1720 3702 1782 in
3751 1721 3825 1782 iis
3876 1716 4145 1794 adagium

879 1837 1169 1923 αἰγιαλῷ
1219 1835 1470 1902 λαλεῖν.
1559 1838 1960 1901 coniecturam
2001 1837 2370 1900 Valckenarti
2411 1834 2485 1899 ad
2528 1836 2749 1915 Hippoi.
2785 1837 2909 1899 304
2949 1839 3110 1898 recte
3142 1835 3493 1899 refutarunt.
3535 1835 3731 1899 Voluit
3764 1834 3861 1899 ille
3900 1853 3935 1899 e
3976 1851 4148 1899 voca-

876 1959 1031 2023 bulis
1075 1949 1114 2041 ἤ
1155 1951 1534 2022 θαλάσσιος
1585 1953 1837 2018 formam
1893 1953 2157 2017 adiectivi
2215 1947 2664 2021 ἐνθαλάσσιος
2722 1951 3039 2032 restingere,
3103 1956 3165 2014 et
3214 1944 3501 2014 κλύδων’
3542 1951 3902 2033 rescribere,
3954 1953 4038 2015 ita
4081 1956 4148 2014 ut

880 2072 1227 2139 adiectivum
1286 2074 1391 2133 aut
1454 2069 1527 2133 ad
1584 2068 1839 2155 πέτρας
1892 2075 1995 2132 aut
2048 2068 2121 2132 ad
2169 2061 2454 2132 κλύδων’
2499 2068 2706 2131 referri
2747 2069 2952 2146 possit.
3052 2065 3115 2129 ld
3152 2069 3268 2132 iam
3313 2072 3628 2147 propterea
3662 2066 3888 2130 admitti
3927 2069 4148 2147 nequit,

882 2190 1069 2272 quod,
1127 2193 1195 2253 ut
1253 2189 1476 2250 monuit
1536 2188 1866 2267 Porsonus,
1946 2187 2256 2250 verborum
2312 2186 2672 2247 concinnitas
2741 2177 3087 2253 κλύδωνος
3149 2185 3489 2263 requireret.
3611 2182 3734 2248 Non
3798 2186 4152 2263 negaverim,-

879 2300 1262 2379 θάλάσσιος
1299 2305 1472 2383 plane
1513 2318 2012 2382 supervacaneum
2053 2319 2203 2365 esse.
2285 2301 2430 2363 Nam
2490 2294 2749 2365 κλύδων
2809 2317 2915 2379 per
2970 2317 3037 2364 se
3078 2307 3409 2381 spectatum
3451 2305 3547 2365 est
3585 2304 3766 2364 maris
3809 2306 4150 2381 tempestas.

883 2422 1002 2488 Sed
1042 2420 1262 2485 babent
1301 2421 1625 2499 scriptores
1666 2420 1874 2483 similia
1930 2436 2037 2498 per
2096 2416 2526 2482 abundantiam.
2633 2416 2796 2481 Conf.
2856 2419 3108 2496 interpp.
3174 2415 3250 2480 ad
3303 2417 3578 2482 iacobum
3620 2419 3664 2500 1,
3706 2423 3773 2500 6,
3835 2419 3935 2481 ubi
3974 2423 4070 2481 est
4115 2414 4148 2482 ὁ

884 2536 1379 2627 διακρινόμενος
1425 2532 1710 2600 κλύδωνι
1756 2532 2110 2619 θαλάσσης
2138 2541 2250 2598 etc.
2332 2535 2587 2599 Prorsus
2629 2535 2779 2598 alius
2831 2538 2927 2597 est
2981 2551 3125 2598 usus
3181 2535 3450 2599 vocabuli
3495 2534 3651 2615 apud
3691 2534 3967 2617 medicos,
4006 2550 4059 2597 v.
4104 2550 4152 2598 c.

882 2658 1314 2736 Hippocratem,
1358 2653 1638 2716 Galenum
1677 2653 1781 2732 αἱ..
1824 2653 2034 2732 quibus
2074 2650 2369 2729 significat
2408 2651 2700 2714 humores.
2799 2643 3083 2713 Κλύδων
3127 2652 3415 2716 translato
3458 2667 3636 2717 sensu
3678 2656 4031 2733 usurpatur,
4090 2657 4156 2715 ut

887 2764 1199 2836 κλύδωνα
1248 2769 1474 2832 κακῶν
1516 2772 1656 2832 366.
1736 2768 1988 2847 Propter
2028 2771 2201 2832 animi
2238 2768 2533 2850 duritiam,
2573 2785 2689 2848 qua
2731 2768 2927 2833 Medea
2964 2773 3155 2832 mater
3191 2768 3409 2835 liberos
3448 2773 3716 2834 occisura
3756 2775 3870 2851 est,
3908 2784 3944 2832 a
3977 2771 4156 2835 choro

887 2889 1096 2952 dicltur
1140 2884 1391 2974 πέτρος
1434 2878 1471 2969 ἢ
1520 2880 1786 2968 σίδαρος
1834 2886 2008 2947 1251.
2113 2879 2187 2969 ἢν
2231 2884 2322 2967 μὴ
2365 2907 2530 2948 ποτε
2574 2887 2687 2947 nisi
2723 2885 2987 2966 quentin,
3050 2891 3364 2966 postquam
3424 2886 3894 2951 candidissimum
3944 2887 4157 2952 collum

889 3007 1066 3071 vertit
1098 3003 1237 3084 (vid.
1280 3002 1465 3082 912),
1508 3007 1737 3081 patrem
1780 3015 1982 3064 carum
2021 3010 2082 3065 et
2123 3009 2343 3065 terram
2383 3002 2700 3082 domosque
2743 3002 2957 3080 lugeat.
3060 3005 3390 3069 Particulae
3445 2998 3518 3091 ἢν
3570 3008 3690 3068 sive
3732 3001 3842 3068 ἐάν
3884 3001 3974 3089 μή
4014 3004 4159 3068 indi-

892 3125 1033 3185 cant
1070 3134 1145 3185 ea
1167 3167 1185 3201 ,
1250 3134 1401 3197 quae
1456 3117 1796 3198 excipienda
1850 3125 1988 3182 sunt
2047 3136 2124 3182 ex
2164 3118 2593 3198 disputatorum
2634 3134 2865 3196 genere.
2964 3119 3284 3182 Possumus
3324 3122 3411 3184 ita
3448 3122 3853 3203 interpretari,
3921 3125 3988 3184 ut
4025 3137 4159 3184 cum

891 3236 1176 3301 Schoenio
1219 3232 1393 3315 πλὴν
1441 3230 1548 3296 ἐάν
1591 3255 1760 3297 ποτε
1820 3235 2194 3314 explicemus.
2288 3235 2565 3299 Similiter
2606 3233 2883 3298 Alcestidi
2925 3235 3206 3299 adscribit
3267 3242 3445 3316 poeta
3496 3234 3737 3302 λευκὸν
3792 3236 3978 3326 χρόα
4026 3239 4156 3300 153.

895 3354 1210 3432 Antiquam
1248 3353 1449 3412 vitium
1495 3341 1568 3433 ἤν
1611 3347 1870 3432 μήποτε
1891 3398 1909 3424 ,
1977 3351 2129 3430 quod
2173 3356 2233 3414 et
2275 3353 2575 3416 Porsonus
2629 3356 2691 3414 et
2729 3351 3034 3415 Elmsleius
3075 3370 3190 3416 non
3233 3354 3678 3435 intellexerant,
3739 3354 3979 3417 sustulit
4021 3355 4160 3417 ller-

893 3484 1162 3548 mannus‚
1202 3467 1466 3530 scribens
1508 3460 1581 3549 ἣν
1629 3464 1718 3549 μή
1764 3489 1953 3532 ποτε.
2054 3469 2325 3531 Formula
2384 3459 2555 3549 αὐτὴ
2614 3463 2787 3551 πρὸς
2826 3462 3036 3549 αὑτήν
3092 3468 3225 3547 plus
3286 3471 3559 3549 exprimit
3613 3485 3788 3548 quam
3842 3485 4162 3548 pronomen

896 3575 1109 3653 αὑτός
1148 3600 1256 3663 per
1297 3600 1363 3646 se
1414 3589 1761 3662 spectatum.
1844 3576 2055 3654 αὐτός
2098 3591 2193 3650 est
2243 3587 2405 3650 solus
2463 3588 2691 3666 vimque
2747 3559 2873 3650 eius
2925 3592 3143 3663 augent
3196 3586 3390 3650 addita
3457 3578 3603 3657 οἶος
3645 3593 3707 3650 et
3749 3582 3993 3667 μόνος.
4055 3585 4161 3648 sed

898 3692 1111 3770 αὐτὸς
1166 3695 1325 3762 καθ’
1380 3692 1584 3764 αὑτόν
1643 3702 1765 3764 sive
1818 3698 1988 3786 πρὸς
2042 3693 2247 3766 αὐτόν
2307 3707 2402 3765 est
2453 3702 2750 3766 solitarius
2807 3700 2977 3781 (Vide
3019 3703 3122 3782 50,
3161 3702 3292 3780 51).
3410 3703 3646 3767 Scilicet
3705 3706 4036 3766 maerentes
4090 3716 4163 3765 ac

893 3819 1117 3882 bonore
1153 3818 1366 3896 privati
1403 3814 1712 3880 solitudine
1752 3815 2131 3881 delectantur.
2208 3818 2291 3881 De
2335 3817 2497 3881 verbi
2544 3813 2893 3904 άποιμώζη
2935 3818 3140 3883 formis
3182 3836 3301 3884 non
3362 3819 3570 3885 eadem
3628 3822 3995 3900 praecipiunt
4056 3821 4164 3882 viri

897 3932 1070 3998 docti.
1110 3932 1458 3997 iiattbiaeus
1479 3930 1553 3995 ad
1592 3932 1712 3996 Alc.
1746 3933 1860 3995 651
1911 3937 2070 3998 recte
2112 3935 2354 3998 statuit:
2397 3950 2584 4015 neque
2626 3929 2993 4020 ὀιμωζομάι
3034 3951 3144 4000 nec
3185 3931 3454 4021 οἱμάιξω
3497 3936 3767 4000 dicebant
3808 3938 4017 4017 Attici,
4060 3936 4164 4001 sed

902 4045 1167 4136 οἰμώζω
1226 4055 1288 4112 et
1345 4044 1742 4133 οἰμώξομαι.
1837 4052 1926 4114 Ex
1977 4050 2091 4115 boc
2151 4056 2471 4131 praecepto
2534 4051 2702 4115 multi
2755 4056 3066 4130 poetarum
3125 4052 3237 4116 loci
3298 4058 3403 4116 aut
3463 4051 3803 4117 emendandi
3865 4059 4004 4116 sunt
4063 4059 4167 4116 aut

898 4166 1206 4231 emendati.
1285 4166 1464 4243 Igitur
1505 4165 1808 4231 lectionem
1836 4167 2098 4233 Porsono
2137 4176 2198 4234 et
2226 4169 2494 4234 Elmsleio
2534 4170 2846 4250 probatam
2876 4175 2939 4234 et
2959 4175 3259 4250 receptam
3286 4166 3641 4255 άποιμώξη
3678 4172 3970 4249 misceris,
4013 4169 4166 4249 quod

901 4280 1323 4346 Kirchbofflnm
1381 4282 1575 4359 legere
1637 4284 1841 4365 miror,
1934 4300 2286 4365 quamquam
2344 4288 2403 4350 in
2461 4285 2736 4350 Romanis
2792 4287 2914 4349 sive
2969 4285 3264 4350 Vaticanis
3328 4287 3581 4365 optimae
3641 4292 3817 4350 notae
3874 4286 4169 4351 codicibus

900 4398 1167 4463 habetur.
1293 4399 1479 4474 Quum
1544 4398 1680 4463 libri
1750 4400 2010 4466 diversas
2078 4401 2303 4466 formas
2373 4403 2726 4485 praebeant,
2811 4420 2909 4467 res
2982 4419 3059 4466 ex
3109 4405 3505 4481 grammaticis
3569 4404 3895 4468 rationibus
3972 4403 4171 4468 decer·

903 4513 1093 4579 nenda
1157 4519 1265 4579 est.
1365 4514 1657 4595 άφίκετο
1712 4517 1966 4596 intellige
2031 4520 2092 4582 in
2142 4519 2505 4583 Thessaliam
2564 4536 2640 4583 ex
2702 4518 2987 4584 Colchide.
3096 4515 3433 4603 ἀτιμάσας
3514 4514 3686 4604 ἔχει.
3794 4521 3949 4585 ilaec
4010 4520 4173 4585 verbi

907 4624 1093 4714 ἔχειν
1135 4635 1436 4695 structura
1478 4648 1610 4696 cum
1650 4636 1956 4713 participio
1999 4638 2201 4699 aoristi
2255 4651 2375 4699 non
2428 4640 2657 4699 tantum
2709 4637 2771 4700 in
2810 4635 3151 4716 Sophocleis
3204 4641 3267 4700 et
3320 4636 3641 4716 Euripideis
3696 4638 4172 4716 frequentissima

904 4753 1037 4828 est,
1073 4745 1178 4811 sed
1219 4750 1396 4811 etiam
1436 4755 1702 4815 oratores
1740 4767 1873 4815 eam
1913 4751 2166 4834 babent,
2205 4757 2273 4813 ut
2311 4752 2606 4816 Demosth.
2651 4770 2699 4817 c.
2737 4752 2879 4816 Phil
2924 4755 3007 4829 Γ,
3048 4755 3154 4818 12..
3187 4746 3336 4839 ἔχει
3379 4749 3814 4830 καταλαβὼν.
3902 4752 4178 4816 Similiter
