4625 5950
1961 661 2977 747 *ιο-,-

834 888 1026 952 locum
1068 890 1245 965 igitur
1286 895 1480 954 verte:
1522 888 1719 955 Medea
1754 906 1871 954 non
1913 892 2252 967 navigasset
2294 888 2367 952 ad
2408 890 2688 969 palatium
2729 890 2955 967 regium
2994 889 3160 954 urbis
3199 890 3351 954 iolci.
3447 889 3568 954 Hoc
3610 889 3781 954 modo
3837 892 3890 953 si
3927 891 4103 956 inter·

832 1012 1151 1087 pretamur,
1195 1007 1436 1086 pluralis
1460 1006 1678 1070 indicat
1722 1007 1983 1084 siaginas
2026 1013 2229 1086 partes
2270 1006 2476 1086 palatii
2514 1006 2776 1070 turribus
2798 1009 3070 1070 munitas.
3124 1001 3319 1094 ἔρωτι
3357 1001 3740 1086 {nm-lays&
3774 1001 4094 1076 Ἰάσονος.

832 1123 1083 1187 Verbum
1109 1119 1502 1201 ἐκπλήττειν
1540 1121 1942 1206 (οοιιῐ.ι’μέρςυ
1965 1120 2436 1206 πεπληγμένος
2452 1119 2604 1204 553)
2627 1123 2965 1204 percellere,
3004 1122 3469 1203 perterrefacere
3494 1124 3757 1202 inprimis
3791 1123 3862 1187 de
3902 1140 4100 1190 amore

832 1256 902 1303 ac
937 1241 1253 1319 cupiditate
1294 1243 1354 1304 in
1396 1256 1509 1304 usn
1548 1246 1657 1304 est.
1737 1240 2017 1319 Exempla
2059 1240 2269 1303 adtulit
2307 1238 2382 1303 ad
2425 1240 2481 1303 h.
2525 1241 2561 1303 l.
2589 1240 2908 1317 Pilngkius.
2992 1241 3106 1305 Per
3132 1236 3474 1308 Πελιὰδας
3519 1236 3726 1322 κόρας
3769 1245 3909 1303 sunt
3946 1241 4100 1305 filiae
4139 1290 4146 1297 .

827 1355 1023 1421 Peliae
1066 1360 1221 1434 regis
1261 1356 1681 1434 intelligendae.
1764 1356 1854 1419 Ab
1892 1358 1966 1420 iis
2004 1359 2351 1421 interemtus
2393 1363 2488 1420 est
2508 1364 2678 1437 pater
2720 1357 2852 1422 dolo
2895 1356 3218 1436 fraudeque
3246 1355 3476 1421 Medeae
3516 1355 3798 1421 adductis.
3861 1356 4096 1421 Scilicet

822 1472 1041 1554 Medea,
1082 1490 1240 1552 quae
1284 1474 1439 1553 apud
1480 1474 1833 1538 Clementem
1888 1473 2169 1537 Alexand.
2217 1474 2498 1537 Stromat.
2554 1474 2600 1546 1,
2661 1490 2717 1552 p.
2760 1477 2885 1537 30⁷
2947 1473 3036 1537 ed.
3090 1474 3248 1548 Syib.
3301 1472 3513 1535 dicitur
3572 1469 3801 1560 πρώτη
3853 1471 4093 1552 βαφὴν

825 1593 1079 1675 τριχῶν
1131 1588 1503 1670 ἑπιιοῆσαι,
1569 1592 1885 1655 herbarum
1929 1606 2396 1670 venenorumque
2438 1594 2684 1655 scientia
2724 1593 3011 1654 instructa
3065 1590 3194 1654 fuit.
3298 1589 3436 1653 lnde
3475 1590 3748 1666 Virgilius
3809 1592 3871 1652 in
3913 1591 4097 1655 Phar·

822 1710 1142 1771 maceutria
1186 1710 1286 1788 95,
1328 1712 1433 1771 96:
1476 1708 1595 1769 Has
1633 1707 1851 1770 herbas
1884 1713 2061 1786 atque
2094 1708 2241 1770 haec
2279 1709 2466 1770 Ponto
2492 1708 2633 1770 mihi
2670 1708 2823 1771 lecta
2867 1723 3090 1771 venena
3127 1710 3255 1786 ipse
3299 1706 3457 1769 dedit
3489 1707 3727 1786 Moeris3
3770 1713 4092 1771 nascuntur

822 1823 1070 1902 plurima
1114 1824 1317 1888 Ponto.
1404 1823 1482 1887 De
1524 1823 1689 1887 melle
1731 1829 2053 1903 venenato,
2114 1839 2231 1903 quo
2273 1824 2480 1888 Graeci
2514 1825 2664 1888 maie
2712 1825 2909 1888 affecti
2950 1830 3092 1887 sunt
3139 1826 3200 1887 in
3240 1824 3466 1888 Colchis
3503 1840 3556 1885 v.
3601 1824 3864 1903 xenoph.
3909 1825 4090 1888 Anah.

820 1939 914 2019 1v,
957 1945 1015 2019 8,
1060 1942 1155 2003 29.
1239 1941 1397 2004 inter
1439 1941 1586 2003 alias
1628 1945 1787 2004 artes
1830 1956 1962 2004 eam
2003 1940 2282 2004 habuisse
2320 1945 2382 2003 et
2419 1943 2756 2005 exercuisse
2794 1942 3163 2020 perhibetur,
3230 1955 3349 2019 qua
3402 1941 3665 2003 homines
3719 1948 3916 2004 aetate
3959 1958 4092 2006 con—

821 2056 1012 2121 fectos
1055 2059 1116 2120 in
1156 2060 1463 2137 pristinum
1506 2058 1763 2135 vigorem
1806 2057 2163 2137 perduceret.
2225 2059 2348 2120 Hoc
2388 2057 2605 2121 Aesoni
2645 2058 2948 2136 Liberique
2987 2058 3313 2121 nutricibus
3354 2059 3664 2135 praestitit.
3741 2060 3870 2120 Jam
3914 2074 4091 2137 quum

818 2173 1082 2237 Peliades
1124 2174 1671 2238 animadvertissent
1707 2174 1968 2238 eiusdem
2024 2174 2258 2237 fallacia
2298 2181 2362 2238 et
2396 2176 2732 2253 praestigiis
2773 2175 3016 2238 arietem
3055 2176 3115 2237 in
3159 2188 3373 2251 agnum
3414 2174 3896 2251 transfiguratum
3937 2192 4091 2256 esse,

817 2293 893 2356 ab
938 2307 1008 2355 ea
1050 2293 1362 2373 petierunt,
1404 2298 1470 2354 ut
1493 2292 1685 2356 Peliae
1728 2295 1883 2371 patri
1924 2294 2191 2356 inventae
2234 2293 2440 2355 florem
2479 2294 2832 2355 restitueret.
2916 2291 3113 2355 Fidem
3147 2290 3480 2355 habuerunt
3515 2293 3608 2373 iis,
3652 2308 3804 2371 quae
3832 2292 4088 2356 venefica

818 2410 1101 2489 promisit.
1205 2410 1517 2473 Parentem
1560 2410 1842 2473 laniatum
1892 2409 2045 2473 filiae
2088 2411 2148 2473 in
2190 2409 2443 2472 ahenum
2482 2409 2717 2473 fervens
2754 2411 3120 2473 immiserunt
3171 2410 3398 2486 hocque
3461 2408 3630 2473 modo
3690 2412 3919 2474 occisus
3981 2418 4088 2476 est.

813 2529 970 2591 Haec
1010 2531 1062 2590 si
1104 2529 1235 2606 quis
1276 2527 1508 2604 cognita
1552 2526 1766 2606 habet,
1810 2542 1926 2589 non
1965 2525 2150 2604 decipi
2194 2528 2412 2605 poterit
2461 2526 2841 2590 collocatione
2894 2525 3205 2590 verborum
3258 2532 3501 2605 propter
3556 2529 3926 2591 accusativos
3971 2545 4089 2594 non

810 2646 1109 2708 seiunctos
1149 2643 1305 2707 haud
1348 2641 1652 2706 laudanda.
1733 2643 1855 2706 isto
1898 2643 2183 2722 supplicio
2221 2642 2292 2706 de
2342 2643 2505 2706 Pelia
2544 2647 2738 2707 sumto
2777 2642 2976 2707 Medea
3012 2645 3306 2706 inimicum
3346 2643 3568 2708 Iasonis
3610 2648 3849 2723 punivit.
3927 2646 4086 2710 infra

812 2760 950 2825 dicit
990 2762 1165 2826 haec:
1220 2757 1469 2824 Πελίαν
1527 2758 1589 2824 τ’
1636 2757 2001 2834 ἂπέκτειν’,
2075 2755 2294 2845 ὥσπερ
2358 2751 2638 2840 ἄλγιςον
2692 2758 2956 2833 θανεῖν,
3017 2754 3266 2822 παίδων
3316 2754 3425 2823 ὑπ’
3465 2755 3715 2835 αὑτοῦ,
3759 2759 3980 2826 πάντα
4022 2762 4083 2826 τ’

813 2875 1070 2960 ἐξεῖλον
1116 2876 1343 2959 φόβον
1391 2880 1530 2942 483.
1571 2880 1711 2941 484.
1796 2878 1958 2942 Cous.
1999 2877 2157 2942 ovid.
2199 2878 2330 2940 Met.
2370 2876 2486 2958 ΥΠ,
2535 2879 2650 2940 158
2686 2893 2848 2956 seqq.
2931 2877 2997 2941 In
3050 2880 3384 2940 universum
3432 2883 3707 2941 notamus
3748 2879 4083 2963 ThessaloS,

809 3001 909 3078 qui
950 3014 1026 3060 ex
1066 2998 1427 3076 Thesprotiis
1466 2995 1689 3060 oriundi
1746 2995 1982 3075 (Herod.
2025 2994 2141 3076 ΥΠ,
2201 2996 2386 3076 176),
2444 3012 2509 3058 re
2567 2997 2828 3074 equestri
2884 2997 3041 3076 noti,
3102 2995 3354 3058 metallis
3413 2994 3811 3077 abundantes,
3872 2998 4083 3063 divitiis

809 3119 1121 3182 affluentes
1172 3120 1538 3178 mercaturae
1595 3116 1848 3177 maxime
1904 3128 2143 3192 operam
2196 3110 2420 3175 dabant
2487 3112 2669 3191 (conf.
2724 3112 2975 3191 interpp.
3032 3111 3105 3174 ad
3160 3112 3421 3176 Platonis
3482 3113 3778 3176 menonem
3845 3131 3902 3194 p.
3945 3112 4080 3197 70),

808 3235 1097 3300 veneficiis
1140 3233 1496 3310 magicisque
1540 3231 1767 3294 artibus
1807 3229 2070 3293 famosos
2111 3231 2429 3292 exstitisse.
2512 3227 2645 3292 inde
2688 3228 2844 3306 apud
2887 3229 3083 3292 Horat.
3122 3228 3407 3292 Thessala
3450 3244 3671 3293 venena
3717 3228 3886 3293 Odar.
3907 3232 3949 3313 1,
3979 3235 4073 3297 27.

806 3350 982 3431 Epod.
1004 3350 1169 3414 xvii.
1208 3355 1271 3413 et
1313 3353 1589 3427 portenta
1618 3347 1904 3410 Thessala
1929 3347 2110 3426 Epist.
2132 3346 2198 3426 Π,
2228 3347 2287 3426 2,
2311 3347 2433 3408 209
2475 3350 3019 3409 commemorantur.
3101 3345 3464 3408 Thessaliam
3505 3348 3695 3423 ipsam
3736 3349 3794 3410 in
3828 3355 4080 3426 quatuor

804 3476 1007 3550 partes
1051 3469 1239 3531 fuisse
1291 3466 1535 3529 divisam
1587 3464 1854 3529 referunt
1894 3464 2142 3528 Photius
2194 3478 2264 3524 ac
2319 3461 2545 3524 Suidas.
2632 3461 2764 3525 inde
2807 3461 3086 3525 Admetus
3128 3461 3247 3524 Alc.
3292 3465 3449 3524 1106
3489 3461 3661 3526 dicit:
3724 3461 3962 3535 ἂστοῖς
4007 3464 4076 3530 δὲ

802 3586 982 3669 πόση
1030 3581 1088 3647 τ’
1134 3580 1373 3646 ἐννέπω
1420 3581 1822 3668 τετραρχίᾳ.
1909 3582 2119 3643 Partes
2170 3578 2358 3641 fuisse
2401 3577 2598 3641 dicunt
2640 3575 3126 3651 Θετταλιῶτιν,
3194 3579 3521 3652 Φθιῶτιν,
3588 3578 4073 3663 Πελασγιῶτιν,

799 3701 1241 3768 Ἑστιαιῶτιν.
1346 3700 1411 3763 ln
1451 3697 1838 3775 Pelasgiotide
1900 3696 2393 3760 celebratissimae
2450 3701 2620 3759 erant
2680 3696 2859 3759 urbes
2920 3696 3173 3776 Pherae,
3238 3696 3456 3777 Iolcos,
3519 3696 3860 3762 Demetrias.
3960 3700 4077 3765 Nec

799 3820 1267 3900 praetermiseris
1309 3816 1793 3895 Cynoscephalas.
1897 3815 1976 3878 De
2020 3812 2309 3894 Aleuadis,
2356 3815 2609 3891 antiquis
2648 3813 2985 3877 Thessaliae
3029 3813 3406 3894 principibus,
3450 3813 3602 3877 conf.
3652 3814 3857 3879 Herod.
3878 3816 3993 3898 ΥΠ,
4017 3821 4072 3881 6.

802 3938 1062 4000 Platonis
1105 3936 1268 3998 Meno
1310 3951 1365 4012 p.
1408 3936 1505 3997 70.
1611 3933 1958 4010 Perpetrato
1996 3933 2257 3994 facinore
2294 3929 2492 3993 Medea
2536 3931 2873 3993 Corinthum
2914 3930 3121 4007 fugere
3166 3928 3368 3993 debuit
3409 3925 3782 3993 ἁνδάνουσα
3826 3936 3942 4013 μὲν
3960 3939 4070 3997 etc.

801 4054 956 4117 Haec
998 4052 1180 4117 verba
1219 4053 1379 4115 vario
1421 4049 1589 4114 modo
1632 4065 1666 4112 a
1708 4052 1848 4112 viris
1888 4048 2073 4111 doctis
2116 4053 2346 4110 tentata
2400 4053 2461 4109 et
2515 4049 2784 4125 exposita
2827 4051 2985 4109 sunt.
3082 4047 3329 4110 Maxime
3378 4049 3450 4109 iis
3507 4046 3800 4126 displicuit
3852 4048 4066 4136 φυγῇ,

798 4169 871 4233 ad
920 4168 1071 4248 quod
1115 4167 1460 4232 vocabulum
1503 4165 1898 4243 refingendum
1938 4166 2366 4228 diversissimas
2409 4166 2774 4226 coniecturas
2812 4162 3214 4242 protulerunt:
3254 4157 3448 4243 φυλὴ·
3472 4208 3490 4235 ,
3558 4162 3742 4249 φυῇ,
3806 4159 4064 4251 φύτλη,

798 4285 1054 4368 xlm-203,
1105 4280 1298 4371 ὀργῆ,
1352 4276 1553 4361 φύσει
1596 4282 1719 4345 reil.
1802 4281 1963 4346 conf.
2004 4281 2354 4344 Matthiaeus
2392 4280 2465 4342 ad
2508 4281 2565 4343 h.
2611 4282 2646 4342 l.
2736 4281 2799 4342 Si
2849 4281 3164 4343 statuimus
3202 4295 3437 4343 versum
3484 4280 3675 4363 φυγῆ
3713 4313 3794 4324 -
3834 4278 4064 4362 χθόνα

794 4404 1105 4478 genuinum
1145 4417 1278 4464 esse
1316 4416 1505 4479 neque
1543 4398 1885 4463 eliciendum
1930 4415 1964 4461 e
2005 4401 2292 4462 contextis
2314 4445 2331 4478 ,
2398 4403 2464 4460 ut
2520 4397 2855 4476 complures
2910 4412 3138 4461 summo
3192 4399 3320 4461 iure
3369 4399 3709 4478 eiiciuntur,
3771 4401 4068 4475 quaeritur

797 4525 933 4581 ante
969 4519 1159 4581 omnia
1195 4517 1266 4581 de
1310 4518 1681 4580 attractionis
1720 4531 1947 4593 genere.
2013 4515 2085 4578 Et
2113 4515 2415 4578 Eimsleius
2460 4514 2691 4593 quidem
2733 4516 2988 4596 negavit,
3025 4515 3339 4591 genitivum
3379 4511 3675 4578 πολιτῶν
3723 4530 3830 4593 pro
3872 4515 4065 4579 dativo

794 4630 1114 4702 πολίταις
1159 4633 1215 4696 h.
1254 4634 1293 4696 l.
1331 4634 1475 4698 ferri
1519 4649 1711 4712 posse.
1794 4632 2123 4712 Adscripsit
2158 4633 2411 4695 haecce:
2455 4647 2532 4694 ex
2575 4647 2678 4712 eo,
2723 4631 2876 4710 quod
2919 4634 3290 4695 accusativus
3332 4647 3442 4711 pro
3481 4632 3867 4711 nominativo,
3907 4634 4065 4710 geni-

796 4754 946 4815 tivus
983 4756 1087 4814 aut
1126 4749 1354 4814 dativus
1394 4766 1503 4830 pro
1547 4751 1881 4814 accusativo
1925 4754 2279 4830 usurpatur,
2321 4765 2435 4812 non
2475 4755 2636 4813 recte
2679 4749 2994 4831 colligitur,
3046 4751 3364 4827 genitivum
3403 4764 3512 4828 pro
3553 4747 3750 4812 dativo
3787 4750 4064 4830 usurpari
