4625 5950
560 900 741 965 baec:
796 902 1021 965 utinam
1061 916 1361 980 nunquam
1398 902 1867 978 Argonautarum
1906 901 2198 982 expeditio
2239 909 2519 983 suscepta
2560 906 2737 968 esset.
2817 905 3038 981 liinyae
3101 908 3154 968 si
3211 922 3328 971 non
3391 909 3450 971 in
3508 906 3832 974 Colchidem

562 1018 881 1099 venissent,
925 1017 1119 1082 Medea
1160 1034 1277 1082 non
1320 1020 1632 1096 migrasset
1673 1035 1806 1081 cum
1846 1019 2051 1084 Iasone
2089 1021 2152 1084 in
2197 1021 2604 1103 Thessaliam3
2647 1038 2784 1105 non,
2826 1023 3008 1087 Pelia'
3030 1025 3222 1087 occiso
3237 1070 3256 1105 ‚
3294 1024 3502 1101 fugere
3537 1024 3836 1091 debuisset

564 1133 716 1199 Iolco
759 1135 1125 1216 Corinthum,
1199 1134 1299 1198 ubi
1336 1135 1537 1216 lason,
1602 1134 1835 1199 deserta
1873 1152 2089 1219 uxore,
2143 1136 2450 1220 Glaucam,
2518 1139 2784 1205 Creontis
2837 1142 2993 1217 regis
3031 1139 3246 1222 filiam,
3304 1142 3367 1205 in
3406 1144 3833 1208 matrimonium

564 1248 772 1315 ducere
813 1251 966 1331 vult3
1008 1253 1392 1315 remansisset
1432 1251 1664 1316 domina
1707 1255 1766 1317 in
1807 1253 2037 1317 Colchis
2076 1270 2267 1333 neque
2307 1255 2674 1336 accidissent,
2717 1272 2870 1335 quae
2913 1273 3067 1321 nunc
3105 1259 3231 1321 eius
3277 1261 3530 1322 animum
3572 1258 3835 1323 lacerant

562 1371 737 1446 atque
789 1370 1145 1433 concutiunt.
1240 1368 1433 1433 Habes
1482 1384 1622 1434 vero
1683 1370 1833 1434 haec
1879 1386 2056 1434 sensa
2111 1377 2419 1450 poetarum
2475 1389 2635 1437 more
2690 1375 2774 1436 ita
2837 1390 3122 1452 expressa
3185 1374 3416 1457 verbis,
3476 1380 3545 1438 ut
3603 1376 3834 1453 singula

561 1481 1031 1559 Argonautarum
1070 1484 1418 1563 profectioni
1461 1499 1691 1549 annexa
1732 1489 1994 1550 suaviter
2034 1486 2442 1552 describantur
2485 1495 2663 1568 atque
2705 1493 3096 1554 enuntientur.
3199 1491 3358 1569 Argo
3397 1495 3688 1571 percurrit
3726 1508 3834 1571 per

560 1614 740 1679 rupes
782 1601 1077 1680 Cyaneas3
1137 1602 1311 1680 pinus
1364 1603 1425 1664 in
1477 1606 1672 1665 monte
1715 1603 1876 1667 Pelio
1929 1603 2188 1668 caeditur
2203 1622 2221 1685 3
2283 1606 2588 1669 fortissimi
2649 1608 2759 1669 viri
2808 1608 2988 1671 remis
3040 1623 3248 1671 navem
3285 1609 3547 1672 incitant.
3630 1608 3832 1672 Omnia

560 1722 906 1780 exsecratur
945 1718 1175 1798 nutrix,
1227 1731 1379 1796 quae
1431 1724 1570 1782 ante
1623 1725 1829 1797 portas
1884 1719 2093 1784 domus
2148 1725 2344 1800 regiae
2397 1725 2516 1786 ista
2564 1723 2869 1802 eloquitur.
2952 1723 3114 1798 Quod
3154 1724 3387 1805 quidem
3425 1729 3694 1804 apertum
3738 1732 3832 1789 est

557 1849 634 1897 ex
673 1834 867 1897 verbis
906 1832 1231 1914 paedagogi
1272 1837 1389 1897 50:

1324 1951 1409 2014 Τι’
1449 1947 1618 2037 πρὸς
1664 1950 1945 2017 πύλαισι
1991 1950 2167 2033 τὴνδ’
2214 1945 2448 2038 ἅγουσ’
2495 1951 2760 2041 ἐρημίαν

1014 2144 1018 2148 Α
1325 2061 1649 2154 ἕστηκας,
1693 2060 1865 2151 αὐτ-ἦ
1906 2069 2230 2157 θρεομένη
2278 2073 2494 2155 ‘taurii'
2539 2070 2753 2147 κακὰς

560 2184 676 2247 Nec
717 2187 908 2249 minus
951 2185 1310 2249 concluditur
1352 2202 1427 2249 ex
1468 2189 1580 2248 89:

1331 2297 1449 2377 ἴτ’,
1499 2289 1573 2367 εὖ
1619 2300 1749 2386 ’γὰρ
1798 2298 2024 2380 ἔσται,
2074 2300 2398 2388 δωμάτων
2446 2300 2608 2382 ἔσω,
2652 2303 2877 2372 τέκνα.

561 2417 809 2495 optandi
851 2419 1156 2500 formulae,
1202 2434 1354 2497 quae
1398 2419 1554 2499 apud
1577 2421 1828 2485 Graecos
1858 2428 2305 2504 componuntur,
2347 2425 2495 2486 varii
2536 2426 2768 2500 generis
2810 2428 2967 2487 sunt.
3049 2424 3115 2487 In
3153 2424 3226 2489 iis
3269 2425 3504 2502 ponitur
3532 2423 3829 2501 optativus

558 2534 793 2619 modus,
835 2536 1151 2599 infinitivus
1190 2541 1253 2600 et
1291 2537 1637 2601 indicativus
1676 2538 2004 2617 imperfecti
2038 2544 2144 2602 aut
2185 2541 2405 2603 aoristi.
2485 2540 2595 2603 Ubi
2636 2544 2910 2622 optatur,
2968 2546 3037 2604 ut
3076 2539 3211 2619 quid
3239 2539 3360 2603 'ssat
3402 2543 3510 2603 aut
3548 2554 3666 2603 non
3703 2537 3829 2619 flat,

559 2654 748 2719 locum
809 2651 992 2717 habet
1051 2654 1348 2731 optativus
1369 2695 1389 2733 ‚
1457 2656 1552 2716 cui
1609 2655 1670 2717 in
1723 2655 1816 2717 bis
1875 2654 2107 2733 quidem
2169 2657 2668 2736 propositionibus
2733 2659 3023 2738 particula
3078 2651 3158 2720 ἂν
3219 2672 3337 2721 non
3395 2654 3643 2719 additur.
3722 2654 3832 2718 Ubi

562 2774 828 2850 optatum
871 2770 990 2833 tale
1032 2775 1159 2851 est,
1214 2775 1283 2833 ut
1318 2772 1506 2833 maior
1546 2769 1783 2850 quidam
1820 2774 1994 2835 animi
2034 2771 2285 2837 affectus
2325 2790 2399 2838 ac
2439 2774 2805 2854 perturbatio
2848 2775 3243 2856 significetur,
3304 2772 3619 2837 infinitivus
3660 2788 3830 2836 usur·

558 2893 768 2969 patur‚
813 2890 911 2967 qui
952 2902 1060 2967 pro
1103 2901 1215 2950 sua
1255 2893 1468 2951 natura
1489 2935 1505 2968 ,
1555 2903 1733 2966 quum
1772 2904 1961 2968 neque
2002 2894 2271 2969 personis
2312 2908 2501 2971 neque
2543 2908 2784 2958 numero
2825 2895 2906 2956 sit
2945 2891 3244 2972 definitus,
3297 2896 3360 2955 et
3393 2889 3559 2954 verbi
3599 2894 3830 2952 tantum

558 3011 849 3074 notionem
894 3008 1191 3070 contineat
1225 3005 1497 3070 adiuncta
1538 3010 1817 3086 temporis
1860 3011 2108 3091 ratione,
2141 3008 2200 3072 id
2242 3013 2458 3089 optime
2501 3010 2780 3092 declarat,
2824 3010 2999 3092 quod,
3038 3015 3109 3074 ut
3146 3026 3281 3073 cum
3319 3008 3610 3073 Venusino
3649 3010 3829 3086 poeta

555 3127 791 3206 loquar,
832 3140 909 3188 ex
949 3126 1160 3187 mentis
1205 3122 1455 3203 quodam
1497 3124 1750 3189 tumultu
1791 3131 2119 3205 promanat.
2203 3127 2479 3191 Similiter
2516 3127 2799 3194 infinitivo
2839 3127 2915 3191 ad
2952 3142 3025 3194 ea
3066 3125 3325 3192 notanda
3368 3129 3632 3205 utuntur,
3673 3137 3827 3202 quae

557 3243 689 3324 quis
732 3240 973 3305 mandat
1013 3245 1117 3304 aut
1152 3240 1440 3320 probibet.
1523 3241 1639 3305 Sed
1681 3241 1835 3322 quod
1876 3242 1952 3305 ad
1989 3262 2115 3308 rem
2152 3250 2421 3309 nostram
2459 3250 2720 3328 spectat,
2779 3246 2893 3310 hoc
2932 3250 3027 3309 est
3069 3243 3142 3308 ad
3184 3260 3355 3308 usum
3395 3242 3726 3322 imperfecti
3764 3248 3830 3305 et

559 3362 910 3425 aoristorum
946 3361 1007 3422 in
1047 3356 1287 3438 optandi
1327 3358 1624 3440 formulis,
1663 3362 1717 3422 is
1762 3360 2041 3439 explicari
2085 3360 2257 3426 debet
2283 3378 2360 3426 ex
2394 3365 2855 3442 propositionum
2886 3362 3355 3427 conditionalium
3390 3366 3606 3424 natura
3645 3363 3821 3437 atque

556 3478 761 3544 indole.
844 3477 1075 3539 Scimus
1115 3474 1486 3538 indicativum
1528 3482 1855 3556 temporum
1894 3479 2302 3562 relativorum,
2345 3495 2497 3559 quae
2535 3478 2844 3568 dicuntur.
2895 3479 3171 3558 usurpari
3210 3480 3272 3541 in
3312 3475 3823 3557 enuntiationibus,

558 3612 708 3677 quae
751 3607 928 3673 quam
969 3594 1055 3656 rel
1097 3590 1482 3656 conditionem
1526 3596 1826 3658 continent
1876 3600 2069 3659 mente
2112 3596 2326 3660 tollunt
2363 3613 2438 3660 ac
2479 3599 2897 3676 consequentia
2957 3613 3035 3661 ex
3075 3594 3280 3660 eadem
3320 3598 3555 3671 negant.
3636 3591 3822 3666 Quid?

556 3712 711 3793 quod
749 3710 902 3774 idem
942 3708 1147 3773 modus
1191 3711 1429 3788 ponitur
1480 3711 1542 3774 in
1605 3712 2099 3776 enuntiationibus
2152 3713 2461 3794 finalibus,
2531 3713 2635 3777 ubi
2687 3712 2760 3777 de
2813 3713 2931 3777 tine
2991 3729 3108 3776 non
3169 3715 3482 3791 impetrato
3546 3713 3653 3773 aut
3704 3723 3822 3772 non

554 3827 919 3908 impetrando
958 3842 1153 3890 sermo
1195 3830 1303 3890 est.
1387 3826 1558 3890 Plato
1599 3827 1659 3890 in
1704 3828 1937 3892 Critone
1994 3847 2049 3909 p.
2095 3833 2209 3894 44:
2273 3829 2332 3894 εἰ
2372 3829 2504 3916 γὰρ
2562 3822 2870 3910 &speltam
2936 3816 2990 3892 a}
3033 3827 3337 3912 Κρίτων,
3409 3821 3613 3892 οἷοίτε
3656 3817 3818 3889 εἶναι

563 3948 624 4012 οἱ
665 3937 915 4009 πολλοὶ
961 3943 1047 4006 τά
1094 3938 1328 4028 μέγιςα
1378 3941 1556 4005 κακὰ
1606 3939 2122 4032 ἐξεργάζεσθαι.
2195 3942 2295 4009 ἵνα
2341 3940 2543 4011 οἷοίτε
2586 3939 2758 4030 η’σαν
2808 3941 2924 4009 καὶ
2966 3943 3197 4027 ἆγαθά
3250 3946 3337 4008 τὰ
3381 3942 3641 4025 με’γιςα·
3710 3937 3817 4005 καὶ

562 4061 793 4131 καλῶς
836 4054 913 4123 ἄν
961 4051 1131 4145 εἶχε.
1231 4060 1290 4124 ln
1331 4060 1568 4125 Metione
1624 4062 1776 4128 idem
1842 4080 1899 4144 p.
1944 4069 2055 4130 89:
2112 4062 2170 4127 εἰ
2223 4057 2429 4142 φύσει
2485 4063 2548 4127 οἱ
2604 4059 2855 4145 ἀγαθοὶ
2903 4060 3277 4145 ἐγίγνοντο.
3338 4048 3499 4146 ἦσάν
3538 4078 3673 4121 που
3736 4053 3815 4119 ἂν

561 4181 708 4267 ἢμῖν
756 4174 822 4244 οἳ
865 4174 1263 4258 ἐγίγιωσκον
1310 4177 1442 4240 τῶν
1484 4176 1641 4241 νέων
1689 4175 1859 4249 τοὺς
1917 4176 2230 4260 ἀγαθοὺς
2298 4177 2428 4249 τὰς
2487 4176 2756 4260 φύσεις·
2819 4174 2942 4250 οὓς
3001 4176 3185 4264 ἡμεῖς
3229 4169 3308 4240 ὅν
3368 4208 3452 4222 -
3514 4170 3815 4251 ἑφυλὰτ·

560 4321 758 4383 τομεν
815 4329 898 4341 -
956 4290 1058 4356 ἵνα
1125 4289 1352 4379 μηδεὶς
1433 4285 1690 4364 αὐτοὺς
1773 4290 2177 4380 διέφθειρεν,
2270 4312 2446 4376 quam
2526 4298 2780 4362 formum
2854 4303 3084 4362 mutare
3155 4297 3338 4359 volult
3401 4292 3706 4357 Gedickius
3759 4295 3820 4355 in

561 4410 964 4497 διαφθείροι,
1012 4425 1048 4473 a
1084 4412 1433 4474 Buttmanno
1473 4410 1546 4474 ad
1588 4410 1645 4475 b.
1685 4412 1723 4476 l.
1767 4413 2078 4477 refutatus.
2182 4414 2392 4477 Affinis
2451 4417 2568 4478 iam
2623 4419 2718 4478 est
2777 4430 2922 4477 usus
2971 4417 3064 4495 is,
3124 4427 3240 4491 quo
3293 4409 3700 4490 imperfectum
3757 4418 3821 4476 et

557 4531 841 4596 aoristum
879 4526 1174 4592 indicativi
1212 4533 1487 4607 optantes
1528 4533 1834 4608 usurpant.
1914 4530 2172 4610 Namque
2214 4530 2621 4611 imperfectum
2661 4545 2734 4595 ea
2776 4531 3074 4610 designat,
3134 4544 3285 4608 quae
3325 4527 3452 4591 fieri
3490 4533 3816 4608 nequeunt3

557 4649 813 4714 aoristus
866 4645 965 4707 illa
980 4692 999 4727 ‚
1074 4659 1227 4724 quae
1277 4660 1393 4708 non
1449 4645 1614 4709 facta
1667 4650 1822 4709 sunt.
1921 4645 2260 4711 Addubitari
2310 4653 2540 4730 potest,
2615 4665 2691 4712 an
2742 4647 3033 4728 particula
3090 4645 3149 4709 εἰ
3205 4646 3334 4709 aliis
3384 4646 3650 4709 formulis
3702 4660 3818 4709 non

555 4765 765 4829 additis
805 4764 1077 4840 usurpari
1116 4763 1306 4841 possit
1359 4762 1435 4826 ab
1480 4762 1838 4843 optantibus.
1947 4764 2292 4828 peritissimi
2342 4766 2573 4844 linguae
2633 4765 2887 4828 Graecae
2953 4765 3058 4826 viri
3112 4762 3184 4826 de
3239 4762 3354 4826 bac
3405 4779 3473 4826 ro
3520 4761 3816 4825 dissident.

3310 4882 3339 4942 1
3359 4879 3388 4913 ι
