4625 5950
1686 676 2672 763 *5-

546 902 757 968 Volant
811 917 990 967 curae
1033 905 1253 966 circum
1284 902 1557 982 laqueata
1616 909 1775 968 tecta
1833 906 1966 969 Hor.
2007 904 2106 968 Od.
2161 904 2229 986 11,
2280 907 2372 967 16.
2467 904 2766 967 Particula
2821 899 2909 985 μή
2979 900 3051 965 ad
3102 901 3345 965 verbum
3408 896 3818 966 διαπτάσθαι

542 1022 740 1099 posita
780 1025 889 1084 est.
970 1020 1159 1084 Aliam
1198 1022 1486 1084 rationem
1526 1020 1711 1085 habes
1750 1023 1810 1085 in
1852 1022 2086 1086 verbIs:

542 1132 633 1220 μή
682 1134 835 1199 ποτ’
880 1132 1008 1218 ἐγὼ
1054 1130 1288 1214 φύσας
1336 1129 1711 1215 ὧφελον-
1749 1133 2087 1201 ἐπιδέσθαι
2137 1141 2309 1202 1403.
2396 1131 2486 1208 ὡς
2525 1135 2614 1221 μή
2662 1133 2812 1199 ποτ’
2862 1126 3134 1209 ὤφελόν
3182 1132 3304 1215 σφ’
3340 1130 3514 1198 ἰδεῖν·
3550 1135 3820 1199 1011288.

542 1246 826 1335 ’Δργοῦς
871 1249 1166 1331 σκάφος.
1253 1254 1416 1317 Infra
1457 1257 1581 1318 474
1614 1254 1948 1335 111011110οω
1989 1253 2281 1340 ’Δργῶον
2313 1255 2609 1332 σκάφος.
2697 1253 2824 1317 Vox
2854 1249 3125 1331 σκάφος
3164 1265 3200 1314 a
3237 1244 3551 1314 σκάπτειν
3585 1253 3822 1331 proprie

542 1371 639 1432 est
672 1370 871 1451 fossa3
935 1376 1258 1450 usurpatur
1318 1387 1456 1436 vero
1507 1377 1577 1435 ut
1632 1368 1865 1457 σκάφη
1925 1370 1996 1437 de
2041 1373 2205 1436 alveo
2246 1374 2415 1434 navis
2457 1376 2518 1434 et
2561 1372 2789 1447 navigio
2831 1369 2977 1447 ipso.
3067 1368 3149 1431 De
3204 1369 3427 1447 scapha
3486 1368 3597 1431 vid.
3641 1371 3822 1436 Cicer·

540 1483 708 1549 Rhet.
750 1486 818 1569 Π,
863 1489 936 1550 51
985 1491 1048 1551 et
1088 1486 1164 1550 ad
1192 1486 1438 1552 Herenn.
1482 1488 1527 1570 1,
1575 1491 1665 1552 11.
1751 1489 1987 1568 Scapha
2041 1494 2137 1552 est
2194 1488 2492 1570 navicula,
2556 1503 2708 1566 quae
2766 1486 2953 1563 longis
3005 1485 3254 1549 navibus
3318 1491 3555 1564 praesto
3608 1491 3703 1550 est
3747 1485 3822 1549 ad

539 1601 828 1685 salutem,
892 1605 947 1666 si
1002 1619 1120 1682 qua
1176 1619 1325 1684 opus
1385 1607 1490 1685 sit,
1553 1603 1873 1669 ferendam.
1976 1605 2110 1669 lude
2152 1604 2308 1684 apud
2353 1606 2661 1668 Caesarem
2703 1603 2758 1667 b.
2792 1604 2855 1665 G.
2937 1602 3029 1684 IV,
3072 1605 3153 1666 26
3212 1603 3470 1681 scaphae
3514 1604 3822 1680 longarum

539 1721 773 1782 navium
812 1727 1357 1785 commemorantur.
1442 1722 1604 1785 Coni'.
1646 1721 2011 1800 Hoepfnerus
2050 1722 2125 1785 ad
2166 1723 2474 1802 Cyclopem
2514 1740 2571 1802 p.
2616 1724 2713 1784 44.
2795 1723 2927 1785 Hor.
2969 1721 3061 1802 ΙΠ,
3105 1723 3203 1784 29.
3260 1721 3387 1783 Act.
3428 1722 3527 1800 27,
3581 1724 3676 1800 17,
3720 1722 3819 1783 30.

540 1836 761 1910 cymba
801 1837 1108 1901 charontis
1166 1837 1375 1900 dicitur
1432 1832 1719 1902 δίκωπον
1772 1837 2044 1916 σκάφος
2115 1838 2237 1902 Α10.
2296 1841 2435 1902 244.
2556 1839 2681 1902 Huc
2723 1843 2998 1918 spectant
3037 1854 3249 1901 versus
3288 1836 3576 1916 Apollonii
3619 1835 3821 1900 Rhodii

536 1953 599 2017 in
639 1953 1045 2030 Argonauticis
1088 1954 1133 2035 Ι,
1182 1956 1276 2035 18,
1328 1956 1433 2016 19:

1276 2069 1426 2147 Νῆα
1471 2069 1587 2152 μὲν
1650 2055 1766 2133 οὖν
1810 2069 1871 2133 οί
1908 2066 2200 2154 πρόσθεν
2249 2066 2692 2135 ἐπικλείουσιν
2738 2065 2950 2134 άοιδοὶ

1261 2177 1509 2269 Ἀργον
1554 2182 1905 2271 Ἀθηναίης
1960 2184 2219 2270 καμέειν
2268 2179 2839 2274 ὑποθημοσύνησι.

539 2301 802 2384 Ovidius,
843 2301 999 2382 apud
1041 2318 1212 2381 quem
1253 2301 1450 2367 Medea
1493 2305 1727 2367 Aeetias
1770 2309 1834 2367 et
1872 2305 2119 2367 Phasias
2162 2304 2520 2386 appellatur,
2568 2305 2889 2379 Minyarum
2932 2307 3054 2367 sive
3095 2303 3564 2380 Argonautarum
3606 2320 3813 2368 navem

535 2421 798 2484 nominat
835 2421 1203 2497 Pagasaeum
1243 2422 1485 2499 puppim
1525 2420 1935 2499 (Metamorph.
1968 2420 2150 2504 Vll),
2218 2422 2371 2501 quod
2424 2438 2632 2485 nomen
2688 2422 2762 2484 ab
2818 2421 3029 2501 oppido
3087 2421 3427 2486 Thessaliae
3483 2420 3815 2484 desumtum

534 2553 670 2601 esse
708 2536 918 2601 docent
954 2540 1326 2615 interpretes.
1409 2537 1908 2601 Commemoratur
1950 2532 2144 2622 λιμὴν
2187 2535 2585 2620 Παγασηϊος
2648 2538 2804 2617 apud
2864 2538 3047 2618 Apoll.
3108 2537 3290 2601 Rhod.
3346 2537 3388 2618 Ι,
3428 2539 3567 2601 524.
3662 2538 3814 2602 Urbs

532 2657 667 2734 ipsa
705 2654 914 2719 dicitur
956 2655 1272 2737 Παγασαὶ
1321 2650 1746 2735 Μαγνήτιδες
1808 2655 1995 2733 Apoll.
2056 2655 2099 2736 1,
2149 2657 2285 2719 238.
2388 2656 2657 2719 Ceterum
2712 2655 2781 2719 de
2838 2656 3307 2732 Argonautarum
3348 2654 3712 2733 expeditione
3753 2656 3816 2719 in

537 2770 863 2836 Colchidem
886 2820 905 2853 ,
962 2777 1031 2834 ut
1071 2772 1341 2846 Phryxea
1381 2771 1600 2835 vellera
1640 2779 1952 2850 poscerent
1991 2776 2053 2836 et
2091 2776 2475 2851 apportarent
2511 2773 2705 2836 Peliae
2722 2820 2740 2853 ‚
2801 2772 2977 2834 huius
3029 2772 3141 2836 loci
3195 2788 3313 2835 11011
3359 2776 3455 2835 est
3506 2771 3812 2836 disserere.

534 2887 730 2969 Neque
770 2905 1063 2968 exponere
1102 2889 1372 2953 volumus
1413 2887 1484 2950 de
1525 2889 1796 2970 consilio,
1842 2889 1996 2968 quod
2037 2889 2372 2970 Euripides,
2419 2891 2519 2968 qui
2556 2904 2735 2968 saepe
2776 2905 2908 2951 cum
2952 2888 3245 2952 Simonide
3288 2882 3430 2973 περὶ
3477 2890 3810 2966 γυναικῶν

531 3008 593 3071 111
633 3006 842 3071 iudicio
885 3007 955 3071 de
998 3006 1335 3070 mulieribus
1370 3005 1611 3070 ferendo
1654 3009 1973 3088 consentit,
2035 3006 2300 3070 fabulam
2341 3009 2681 3088 scripserit,
2741 3006 2927 3085 deque
2969 3007 3146 3069 variis
3191 3005 3471 3068 dramatis
3523 3008 3814 3069 recensio-⁴

534 3124 737 3204 nibus,
802 3139 952 3202 quas
996 3125 1103 3187 viri
1142 3122 1298 3186 docti
1340 3124 1401 3186 111
1447 3124 1791 3201 antiquitate
1837 3124 2140 3187 exstitisse
2180 3123 2454 3188 arbitrati
2509 3128 2664 3186 sunt.
2747 3123 2828 3187 De
2890 3123 2982 3186 1113
3037 3122 3190 3186 conf.
3242 3122 3609 3185 MatthiaeuS.
3707 3123 3812 3197 Qui

533 3256 672 3305 vero
711 3256 955 3305 noscere
1001 3241 1162 3317 cupit
1199 3238 1411 3301 diversi
1449 3241 1679 3316 generis
1722 3240 1955 3313 mythos
1999 3238 2070 3303 de
2112 3239 2319 3303 Iasone
2362 3255 2432 3302 ac
2476 3238 2693 3320 Medea,
2732 3237 3013 3302 deductos
3047 3255 3150 3302 eos
3192 3254 3269 3302 ex
3307 3239 3486 3301 rebus
3510 3237 3810 3321 ColchiciS,

534 3357 863 3438 Tbessalis,
921 3357 1302 3420 Corinthiacis
1344 3361 1406 3419 et
1439 3356 1681 3436 Atticis,
1741 3361 1921 3434 atque
1972 3360 2031 3420 in
2084 3355 2437 3438 HomericiS,
2506 3355 2799 3419 Hesiodeis
2852 3371 2921 3418 ac
2966 3356 3205 3431 tragicis
3250 3354 3606 3418 carminibus
3649 3359 3808 3420 vario

533 3472 703 3537 modo
745 3478 1059 3554 tractatos,
1115 3475 1167 3536 is
1232 3472 1407 3536 adeat
1464 3473 1813 3536 Schoenium
1851 3478 1914 3536 et
1947 3474 2188 3548 Pylium.
2285 3473 2386 3537 Ille
2441 3475 2504 3536 in
2553 3475 3037 3536 commentatione
3085 3473 3381 3548 isagogica
3438 3470 3511 3533 ad
3551 3470 3808 3535 Medeam

533 3588 605 3652 de
645 3591 739 3654 1113
790 3594 1065 3653 accurate
1107 3592 1381 3669 exposuit
1418 3589 1861 3667 (Ausgewiihlte
1903 3590 2231 3668 Tragodien
2269 3590 2373 3654 des
2409 3590 2726 3670 Euripides
2811 3589 3045 3653 Erklart
3083 3605 3197 3654 von
3238 3589 3486 3651 Scbdne.
3557 3590 3807 3653 Zweites

533 3704 856 3770 Biindchen.
896 3706 1132 3784 Leipzig
1150 3753 1169 3787 ,
1211 3705 1554 3770 Weidmann
1604 3705 1808 3783 1853).
1902 3707 2005 3770 Hic
2060 3709 2299 3787 scripsit
2349 3709 2731 3786 copiosiorem
2782 3705 3288 3770 dissertationem:
3357 3706 3651 3768 Literatur
3704 3706 3806 3769 des

533 3822 955 3899 Sagenkreises
997 3821 1100 3886 der
1138 3821 1354 3889 Medea.
1439 3823 1777 3886 zeitschrift
1824 3822 1925 3886 fiir
1963 3823 2748 3888 Alterthumswissenschai't
2785 3839 2898 3887 von
2939 3824 3188 3902 Caesar,
3238 3824 3410 3884 1854.
3476 3823 3609 3885 5tes
3655 3823 3807 3885 Hert.

532 3939 649 4002 Nec
704 3939 870 4014 lyrici
927 3943 1138 4017 poetae
1195 3940 1329 4001 Istis
1385 3940 1823 4003 narrationibus
1886 3941 2326 4022 abstinuerunt,
2395 3948 2461 4005 ut
2515 3940 2769 4005 ostendit
2808 3941 3124 4023 Pindarus,
3184 3940 3353 4014 Pytb.
3395 3939 3492 4020 IV,
3536 3938 3610 4001 ad
3651 3942 3807 4018 quod

534 4071 769 4120 carmen
809 4057 962 4119 conf.
1020 4056 1343 4121 Boeckhius
1393 4062 1455 4120 et
1509 4057 1827 4121 Dissenius.
1922 4058 2080 4121 Inter
2131 4058 2424 4122 Romanos
2483 4060 2709 4140 AttiuS,
2773 4060 3030 4138 Ennius,
3094 4057 3324 4121 Ouidius
3346 4104 3363 4137 ,
3428 4057 3652 4118 Seneca
3696 4058 3810 4120 has

531 4173 768 4237 fabulas
809 4179 1159 4237 tractarunt.
1240 4175 1407 4238 Ennii
1443 4175 1776 4252 fragmenta
1816 4177 1875 4239 in
1917 4175 2182 4255 plurimis
2221 4176 2454 4239 Medeae
2492 4174 2837 4238 editionibus
2894 4176 3152 4239 excitata
3206 4179 3361 4237 sunt.
3446 4173 3608 4235 Conf.
3647 4176 3810 4237 Euri·

532 4289 681 4368 pidis
719 4290 1089 4368 Tragoediae.
1150 4292 1284 4356 Rec.
1326 4292 1552 4369 Pilugk.
1632 4292 1735 4356 Ed.
1777 4293 1878 4355 alt.
1919 4295 2147 4356 curavit
2184 4293 2372 4356 Klotz.
2416 4293 2638 4355 Gothae
2686 4294 2859 4356 1842.

776 4407 856 4471 De
897 4408 1094 4471 Medea
1143 4414 1204 4473 et
1257 4411 1476 4473 Persae
1523 4408 1810 4488 quaedam
1864 4413 2349 4474 memoraverunt.
2458 4408 2624 4488 Apud
2678 4409 2808 4472 illos
2873 4413 2998 4471 tres
3056 4407 3307 4471 feminae
3361 4404 3581 4486 Medea,
3648 4407 3707 4469 lo
3745 4414 3810 4469 et

532 4521 751 4586 Helena
789 4525 851 4587 in
885 4529 1111 4589 caussis
1153 4526 1435 4589 bellorum
1476 4528 1631 4590 inter
1667 4527 1930 4590 homiues
1971 4532 2271 4604 gestorum
2312 4526 2499 4589 fuisse
2533 4525 2822 4588 dicuutur.
2905 4524 3066 4588 Conf.
3089 4522 3294 4586 Herod.
3321 4522 3363 4600 1,
3401 4525 3570 4584 1—-5,
3622 4522 3804 4597 Quid?

533 4639 687 4717 quod
729 4640 928 4704 Medea
969 4642 1123 4722 apud
1166 4642 1411 4706 eundem
1455 4643 1807 4708 Herodotum
1846 4660 2058 4709 nomen
2113 4643 2342 4707 dedisse
2400 4642 2611 4706 dicitur
2653 4642 2857 4725 Medis,
2919 4641 3037 4723 vn,
3080 4642 3190 4703 62:
3274 4637 3678 4726 ἀπικομένης
3734 4635 3804 4699 δὲ

534 4754 828 4845 Μηδείης
882 4759 1007 4840 τῆς
1050 4755 1405 4844 Κολχίδος
1473 4755 1549 4841 ἐξ
1590 4756 1917 4845 ’Δθηνὲων
1984 4756 2054 4831 ἐς
2122 4756 2288 4830 τοὺς
2330 4757 2595 4846 Ἀρίους
2642 4752 2941 4827 τούτους
2992 4752 3370 4842 μετέβαλον
3435 4751 3544 4818 καὶ
3612 4740 3802 4818 οὗτοι
