4625 5950
1667 669 2727 755 —11—

570 913 763 977 posse.
846 899 1159 961 Praeterea
1198 895 1384 961 eidem
1427 896 1599 960 docto
1638 898 1762 961 viro
1801 896 2069 977 displicet
2107 897 2421 962 verborum
2464 897 2784 961 collocatio.
2886 895 3138 973 Scripsit
3199 897 3378 973 igitur
3436 898 3853 960 nominativum

568 1011 790 1094 φυγὴ,
860 1013 1134 1095 credens,
1199 1015 1391 1076 omnia
1442 1015 1561 1076 ista
1622 1014 1801 1077 verba
1862 1030 1969 1093 per
2025 1016 2452 1094 appositionem
2511 1013 2585 1076 ad
2648 1017 2994 1090 antegressa
3056 1011 3253 1076 addita
3312 1029 3478 1094 esse,
3546 1016 3713 1077 cuius
3769 1016 3855 1077 rei

572 1130 838 1210 exempla
881 1131 1121 1194 inveniri
1157 1145 1328 1193 nemo
1370 1135 1465 1193 est
1506 1132 1605 1209 qui
1642 1130 1859 1194 infitias
1900 1133 2085 1194 iverit.
2180 1130 2297 1195 Sed
2335 1129 2492 1193 aliud
2532 1134 2662 1210 est,
2737 1144 2816 1191 an
2878 1131 3169 1208 appositio
3224 1131 3345 1192 ista
3396 1129 3532 1193 huic
3586 1131 3714 1194 loco
3759 1145 3856 1194 ac·

564 1246 933 1309 commodata
973 1248 1070 1309 sit.
1173 1246 1540 1310 Hermannus
1580 1247 1835 1328 iudicat,
1893 1247 2262 1311 durissimam
2326 1264 2495 1328 esse,
2555 1262 2734 1326 quum
2789 1250 3035 1324 propter
3078 1245 3227 1327 alia,
3295 1250 3420 1308 tum
3475 1250 3612 1324 quia
3653 1250 3853 1311 statim

567 1364 831 1440 sequitur
861 1357 1033 1442 αὐτή
1064 1385 1160 1426 τε.
1230 1362 1685 1443 Adstipuiamur,
1729 1379 1917 1442 neque
1935 1365 2328 1445 intelligimus,
2351 1380 2455 1426 cur
2485 1366 2772 1440 genitivus
2803 1378 2911 1441 pro
2940 1362 3133 1427 dativo
3174 1378 3290 1427 non
3334 1365 3523 1442 possit
3561 1367 3852 1443 usurpari,

571 1495 751 1557 quum
793 1482 1100 1561 attractio,
1164 1494 1316 1559 quae
1359 1478 1605 1562 dicitur,
1673 1496 1710 1544 a
1750 1494 1995 1544 casuum
2036 1488 2251 1545 natura
2292 1483 2525 1544 minime
2567 1478 2843 1559 pendeat,
2901 1479 3165 1558 aliasque
3205 1485 3490 1558 sequatur
3530 1481 3709 1557 leges.
3792 1481 3853 1544 in

567 1610 641 1659 ea
680 1612 745 1659 re
785 1613 1020 1677 omnes»,
1066 1598 1166 1675 qui
1207 1599 1532 1661 recentiore
1590 1602 1852 1676 tempore
1894 1597 2153 1662 Medeam
2190 1601 2613 1662 recensuerunt
2650 1601 2713 1660 et
2753 1601 3144 1677 enarrarunt,
3203 1599 3530 1661 consentire
3568 1597 3852 1678 videntur,

568 1728 749 1791 quum
801 1710 1100 1776 πολιτῶν
1159 1716 1445 1777 intactum
1526 1714 1879 1793 reliquerint.
1982 1716 2257 1778 Attamen
2322 1716 2376 1777 si
2426 1716 2558 1793 quis
2616 1714 2883 1791 requirat
2951 1715 3374 1793 accusativum,
3440 1716 3493 1776 is
3558 1730 3734 1778 casus
3792 1716 3852 1777 in

569 1825 866 1893 πολιτῶν
909 1830 1096 1895 latere
1135 1837 1349 1910 potest.
1430 1832 1574 1895 Nam
1618 1828 1912 1895 ἁνδάνειν
1963 1832 2330 1908 coniungitur
2373 1847 2553 1895 sensu
2589 1829 2910 1908 paullulum
2949 1831 3256 1893 immutato
3314 1846 3445 1892 cum
3499 1834 3851 1894 accusativo.

566 1945 693 2010 Non
732 1953 864 2009 erat
902 1947 1055 2026 quod
1094 1948 1419 2013 Brunckius
1459 1944 1755 2016 πολίτας
1794 1947 2097 2011 scriberet.
2204 1947 2499 2011 Facillima
2548 1961 2619 2009 ac
2674 1946 3106 2025 simplicissima
3162 1951 3258 2010 est
3298 1947 3640 2011 emendandi
3679 1951 3851 2028 ratio,

569 2078 744 2141 quam
785 2064 1099 2128 Barnesius
1138 2066 1304 2146 iniit,
1350 2066 1599 2128 Beckius
1645 2071 1707 2128 et
1757 2064 2059 2127 Personas
2117 2064 2371 2143 amplexi
2428 2068 2603 2144 sunt,
2662 2059 2982 2133 πολίταις
3024 2065 3401 2141 corrigentes.
3493 2064 3608 2128 Sed
3648 2081 3852 2144 super-

570 2194 887 2243 vacaneam
927 2180 1191 2244 ducimus
1234 2182 1429 2260 (conf.
1472 2182 1664 2259 Antig.
1710 2183 1839 2260 89).
1920 2182 2208 2246 Attractio
2250 2186 2349 2246 est
2385 2181 2728 2246 assimilatio
2768 2181 3115 2261 formarum,
3153 2196 3272 2260 qua
3299 2180 3586 2245 vocabula
3627 2182 3850 2245 firmius

566 2297 910 2360 vinciuntur.
996 2297 1233 2361 Duabus
1276 2298 1502 2375 legibus
1546 2300 1734 2362 omnis
1775 2299 2087 2362 verborum
2127 2304 2431 2363 structura
2471 2300 2693 2362 nititur.
2788 2299 3228 2375 Coniunguntur
3289 2303 3393 2361 aut
3452 2302 3849 2364 convenientia

564 2413 889 2477 tormarum
931 2421 1036 2478 aut
1075 2417 1333 2479 rectione
1377 2415 1809 2480 vocabulorum.
1890 2416 2011 2479 iam
2051 2419 2103 2479 si
2145 2416 2217 2480 de
2263 2419 2615 2480 attractione
2655 2416 2995 2495 praecipere
3037 2416 3323 2497 volumus,
3373 2431 3525 2494 quae
3567 2422 3664 2480 est
3704 2417 3845 2481 sub·

568 2534 955 2595 stantivorum
998 2537 1060 2596 et
1094 2532 1490 2613 relativorum,
1533 2535 1865 2597 omittentes
1902 2533 2015 2596 boc
2056 2532 2187 2597 loco
2214 2534 2543 2613 participia,
2585 2531 3063 2613 demonstrativa,
3107 2531 3393 2596 adiectiva
3421 2538 3482 2598 et
3508 2535 3849 2615 particulas,

567 2654 662 2712 est
703 2648 856 2728 quod
902 2649 1162 2713 dicamus
1218 2652 1279 2713 in
1317 2650 1432 2713 hac
1471 2650 1737 2714 struendi
1777 2649 2029 2715 formula
2070 2655 2382 2729 utramque
2417 2650 2607 2728 legem
2650 2649 2967 2714 observari.
3030 2649 3175 2712 Nam
3217 2649 3404 2712 altera
3440 2665 3583 2728 pars
3627 2652 3850 2728 regitur

571 2767 694 2829 sive
733 2765 1019 2845 dependet
1062 2766 1138 2830 ab
1182 2766 1311 2830 aliis
1357 2766 1628 2848 vocibus,
1690 2767 1880 2832 altera
1921 2768 2257 2831 attrahitur.
2338 2767 2595 2847 Dupucis
2638 2771 2834 2830 autem
2875 2768 3108 2843 generis
3145 2781 3280 2828 esse
3318 2770 3516 2845 potest
3557 2771 3850 2834 attractio.

568 2882 689 2946 Aut
735 2897 911 2946 casus
956 2883 1325 2965 substantivi,
1371 2885 1468 2963 qui
1510 2900 1586 2946 ex
1621 2883 1749 2962 lege
1791 2887 2066 2949 rectionis
2110 2886 2530 2963 grammaticae
2571 2885 2943 2948 necessarius
2987 2888 3106 2964 est,
3149 2898 3355 2946 casum
3391 2884 3651 2965 relativi,
3693 2887 3848 2965 quod

570 3001 646 3064 ad
680 3000 822 3064 illud
860 3001 1072 3065 referri
1113 3000 1318 3084 debet,
1358 3001 1596 3084 definit,
1644 3008 1750 3066 aut
1788 3019 1964 3067 casus
2004 3003 2229 3066 relativi
2247 3050 2267 3085 ,
2336 3005 2436 3083 qui
2477 3017 2513 3066 a
2553 3002 2732 3068 verbo
2772 3000 3024 3079 quodam
3063 3003 3411 3082 requiritur,
3468 3017 3673 3066 casum
3711 3004 3850 3068 sub-

573 3121 811 3184 stantivi
863 3118 1227 3183 determinat.
1328 3121 1489 3183 Hanc
1547 3122 1840 3184 inversam
1893 3123 2303 3185 attractionem
2343 3123 2658 3184 nominant.
2745 3120 3062 3198 Utramque
3102 3121 3386 3183 rationem
3428 3124 3488 3183 et
3529 3120 3717 3184 Latini
3756 3138 3848 3187 se·

566 3241 837 3316 quuntur.
921 3236 1292 3301 Assimilatur
1335 3243 1538 3301 nostro
1579 3240 1640 3300 in
1678 3237 1808 3301 loco
1850 3253 2028 3301 casus
2066 3238 2421 3302 substantivi
2461 3239 2625 3300 casui
2665 3236 2909 3301 relativi.
2989 3236 3056 3299 In
3095 3250 3170 3299 ea
3206 3252 3272 3298 re
3312 3241 3563 3300 naturae
3602 3251 3847 3302 casuum

568 3354 727 3418 nulla
796 3355 948 3416 ratio
1027 3353 1295 3418 habetur.
1426 3354 1585 3418 Solvi
1648 3360 1709 3418 et
1779 3357 2039 3419 construi
2111 3361 2309 3435 potest
2376 3350 2746 3417 ἁνδάνουσα
2823 3349 2940 3434 μὲν
3021 3347 3377 3426 πολίταις.
3469 3338 3556 3416 ὦν
3613 3353 3846 3438 χθόνα

571 3471 762 3558 φυγῇ
820 3470 1155 3547 ἀφίκῃ-Μ
1228 3472 1353 3535 sive
1420 3476 1490 3534 ut
1547 3471 1867 3535 Schoeuius
1923 3472 2135 3537 suadet
2218 3457 2304 3535 ὧν
2374 3471 2565 3554 <ommi
2650 3466 2777 3544 ἀφ.
2847 3465 3009 3532 πολ.
3076 3467 3346 3552 χθόνα,
3437 3466 3656 3557 ταύτῃ
3701 3468 3840 3536 «ivo.

569 3588 750 3662 Quam
818 3586 1048 3665 quidem
1117 3589 1402 3650 rationem
1470 3589 1523 3649 si
1603 3603 1802 3650 veram
1871 3587 2156 3652 babemus
2178 3635 2197 3669 ,
2301 3587 2658 3665 intelligendi
2730 3586 3041 3666 perspicue
3111 3591 3252 3649 sunt
3328 3589 3482 3651 cives
3548 3589 3844 3672 Corinthii,

566 3707 624 3767 in
676 3719 923 3782 quorum
985 3708 1204 3767 terram
1263 3703 1461 3768 Medea
1513 3705 1657 3781 fuga
1718 3711 2066 3783 pervenerat
2125 3706 2454 3785 quibusque
2512 3703 2745 3783 placere
2806 3700 3031 3766 dicitur.
3181 3702 3297 3766 Sed
3376 3704 3571 3785 φυγὴ·
3647 3714 3847 3786 potest

570 3837 702 3884 esse
765 3819 995 3883 dativus
1057 3820 1380 3902 caussalis,
1456 3837 1628 3899 quem
1699 3822 1891 3886 dicere
1964 3825 2182 3904 solent,
2271 3822 2614 3887 referendus
2689 3819 2766 3883 ad
2833 3814 3239 3893 ἁνδάνουσα,
3314 3822 3552 3901 placens
3614 3824 3844 3901 quidem

566 3943 809 4018 propter
872 3936 1077 4014 fugam
1146 3937 1473 4000 Corinthiis.
1603 3938 1846 4004 Omnino
1916 3945 2114 4004 autem
2186 3955 2303 4004 non
2368 3939 2659 4018 intelligo,
2733 3951 2851 4014 qua
2911 3934 2984 3999 de
3049 3951 3263 4001 caussa
3326 3941 3526 4002 nutrix
3587 3939 3845 4005 Medeam

568 4055 880 4119 Corinthiis
936 4054 1170 4131 placere
1237 4051 1407 4117 dicat.
1507 4055 1628 4119 Hoc
1691 4055 1767 4118 ab
1828 4059 1955 4120 eius
2030 4072 2285 4136 persona
2361 4056 2612 4121 alienum
2684 4070 2818 4118 esse
2891 4051 3131 4116 videtur.
3239 4055 3435 4134 Neque
3494 4061 3843 4123 auctoritate

567 4171 918 4235 scholiastae
958 4169 1195 4234 firmare
1235 4171 1547 4253 voluerim,
1592 4175 1711 4253 qui,
1755 4189 1906 4253 quae
1948 4174 2178 4238 aliunde
2232 4173 2473 4253 probari
2508 4188 2686 4252 posse
2725 4186 2845 4234 non
2887 4167 3172 4251 videntur,
3218 4175 3544 4236 annotavit:
3606 4164 3842 4260 ἤρεσκε

570 4285 638 4352 δὲ
676 4288 824 4357 τοῖς
868 4286 1293 4372 Κορινθίοις.
1360 4284 1577 4368 ἐπειδὴ
1621 4284 2091 4374 λιμώττοντας
2146 4282 2405 4361 αὐτοὺς
2465 4283 2751 4371 ἐπῳδαῖς
2819 4303 2988 4348 τισιν
3050 4282 3324 4361 ἰάσατο,
3397 4284 3506 4350 καὶ
3552 4282 3724 4373 αὐτὴ
3773 4286 3842 4355 δὲ

571 4400 884 4487 ἢρὲσκετο
930 4404 1013 4484 τῆ
1062 4402 1399 4489 Κορίνθῳ,
1444 4400 1579 4469 ἐπεὶ
1627 4400 1938 4487 λέγονται
1984 4402 2093 4469 καὶ
2142 4408 2204 4471 οἱ
2250 4409 2596 4490 Κορίνθιοι
2660 4395 3011 4500 φαρμακοὶ
3075 4396 3258 4468 εἶναι.
3369 4407 3490 4470 Non
3540 4406 3844 4485 impellunt

571 4538 681 4601 me,
722 4526 790 4583 ut
830 4522 1062 4584 omnino
1104 4519 1355 4583 credam.
1406 4521 1510 4584 ills
1536 4520 1706 4585 fidem
1742 4522 1960 4587 habere
1984 4523 2354 4606 Schoenium,
2395 4527 2493 4589 vix
2536 4527 2867 4595 credideris.
2925 4528 3109 4605 Quid?
3145 4524 3299 4606 quod
3334 4523 3512 4588 verba
3540 4521 3837 4587 πολιτῶν

572 4620 660 4699 ὧν
707 4633 995 4712 ἀφίκετο
1048 4633 1284 4721 χθόνα
1349 4641 1481 4717 capi
1521 4644 1774 4716 possunt
1835 4638 1907 4704 de
1957 4641 2274 4706 Thessalis.
2386 4643 2522 4708 Iolci
2574 4648 2778 4711 incolis
2831 4647 3056 4728 placuit
3108 4642 3307 4708 ledea
3348 4647 3589 4721 propter
3621 4640 3842 4720 fugam,

568 4757 882 4832 postquam
921 4753 1140 4818 Peliam
1183 4753 1654 4820 obtruncaverat.
1749 4755 1872 4820 Hoc
1924 4758 2093 4823 modo
2147 4761 2201 4823 si
2254 4762 2642 4844 explicamus,
2714 4760 3003 4842 ἄφίκετο
3048 4765 3282 4840 spectat
3322 4758 3397 4823 ad
3438 4757 3670 4823 Medeae
3711 4773 3844 4836 pro-

3335 4879 3372 4939 ²
3388 4877 3417 4909 Φ
