4625 5950
1963 669 3026 761 —24—-

1590 892 3189 984 Qnempuerimagnoing'yrovacuaatriacircnm
3327 932 3332 939 ·

1589 1020 1799 1084 Intenti
1837 1018 1973 1085 ludo
2013 1024 2317 1101 exercent3
2360 1019 2458 1084 ille
2502 1024 2673 1085 actus
2714 1020 2947 1086 habena

1591 1136 1861 1200 curvatis
1895 1135 2087 1200 fertur
2127 1137 2367 1218 spatiis,
2405 1135 2532 1200 rell.

850 1257 967 1323 Sed
1003 1272 1120 1320 non
1160 1253 1332 1318 facile
1374 1255 1757 1334 concesseris,
1797 1252 2068 1316 trochum
2110 1256 2173 1316 et
2209 1252 2505 1318 turbinem
2542 1269 2680 1317 esse
2716 1252 2966 1318 eundem
3004 1251 3221 1317 ludum.
3301 1251 3484 1317 Recte
3526 1252 3780 1329 Herulus
3813 1253 3889 1319 ad
3932 1253 4125 1333 virgil.

850 1375 886 1436 l.
929 1390 980 1436 c.
1019 1372 1330 1437 observat:
1375 1370 1550 1433 turbo
1591 1370 1814 1446 lignum
1849 1367 1993 1433 illud
2032 1368 2323 1451 conoides,
2362 1385 2479 1449 quo
2519 1371 2686 1449 pueri
2724 1367 2953 1451 ludunt,
2988 1367 3288 1434 diversum
3312 1383 3351 1434 a
3391 1369 3621 1451 trocho,
3662 1371 3765 1450 qui
3790 1385 4009 1441 aeneus
4034 1372 4128 1437 vel

847 1493 1090 1557 alterius
1131 1489 1415 1553 materiae
1454 1486 1707 1549 circulus
1747 1490 1856 1549 est.
1938 1484 2017 1547 At
2056 1485 2231 1550 turbo
2268 1491 2367 1550 est
2406 1481 2673 1572 ῥόμβος
2714 1485 2807 1550 vel
2847 1480 3130 1570 βέμβιξ.
3219 1485 3512 1551 Trochum
3552 1485 3837 1552 Graecum
3878 1502 4127 1553 comme-

844 1614 1040 1673 morat
1083 1606 1376 1683 HoratiuS,
1420 1601 1521 1664 od„
1562 1601 1657 1676 111,
1697 1602 1799 1678 24,
1847 1599 2074 1664 dicens:

1589 1717 1786 1781 Nescit
1820 1731 1972 1795 equo
2014 1714 2177 1780 rudis

1667 1833 1921 1898 Haerere
1963 1834 2250 1910 ingenuus
2293 1849 2461 1915 puer,

1584 1948 1909 2027 venarique
1950 1950 2146 2029 timet3
2186 1948 2385 2014 ludere
2425 1947 2671 2032 doctior,

1669 2065 1789 2129 Seu
1833 2066 2053 2129 Graeco
2089 2064 2295 2130 iubeas
2336 2067 2565 2147 trocho,

1585 2181 1704 2245 Seu
1744 2182 1917 2244 malis
1955 2183 2137 2245 vetita
2175 2181 2404 2259 iegibus
2444 2182 2605 2263 alea3

844 2311 920 2377 ad
985 2319 1159 2386 quem
1221 2301 1417 2365 locum
1483 2297 1966 2361 biitscherlichius
2028 2296 2311 2363 Scheffer.
2381 2297 2455 2362 de
2531 2316 2597 2364 re
2672 2299 2854 2364 vehic.
2917 2299 2963 2382 1,
3019 2303 3081 2382 o,
3144 2314 3200 2379 p.
3264 2301 3348 2364 5⁷
3413 2302 3477 2363 ei
3528 2296 3595 2362 Η.
3655 2297 3979 2364 ΜοτοιιτίιιΙ.
4052 2297 4124 2364 de

848 2432 974 2492 arte
1035 2435 1227 2499 gymn.
1286 2415 1381 2497 ΠΙ,
1446 2417 1485 2478 8
1550 2415 1829 2478 echtavit
1886 2413 1958 2477 de
2023 2414 2229 2479 trocho
2291 2414 2678 2494 disputantes.
2789 2415 3033 2483 Plurimi
3105 2417 3360 2482 retinent
3427 2411 3730 2502 τρόχων.
3845 2414 3909 2479 id
3976 2417 4126 2481 strui

844 2544 1044 2626 potest
1097 2551 1232 2601 cum
1289 2547 1433 2597 voce
1490 2526 1926 2610 πεπαυμένοι.
2045 2529 2192 2593 Nam
2267 2522 2607 2596 παύεσθαι
2683 2548 2801 2598 non
2860 2537 3090 2598 tantum
3138 2534 3453 2612 genitivum
3512 2534 3761 2596 mumlt
3802 2525 4123 2616 (παύεται

845 2657 1022 2744 γόων
1097 2651 1209 2730 59)
1227 2697 1246 2731 ,
1347 2646 1452 2711 sed
1525 2646 1703 2710 etiam
1767 2661 1899 2709 cum
1968 2649 2401 2726 praepositione
2477 2644 2552 2712 ἐκ
2615 2651 2868 2728 ponitur.
2991 2649 3155 2714 conf.
3232 2648 3414 2729 Soph.
3491 2648 3673 2714 Elect-
3742 2650 3881 2714 ⁹8⁷.
4021 2651 4127 2714 Est

841 2779 1019 2856 igitur
1061 2771 1366 2834 cessantes
1405 2779 1443 2825 a
1485 2761 1774 2826 cursibus.
1874 2761 1989 2826 Alii
2044 2768 2243 2826 autem
2303 2766 2662 2843 coniungunt
2718 2760 2792 2829 ἐκ
2834 2763 3112 2850 τρόχων
3172 2782 3307 2830 cum
3346 2764 3526 2830 verbo
3570 2761 3879 2850 ςείχουσι
3919 2766 4126 2831 intelli-

842 2898 1105 2977 guntque
1144 2900 1251 2964 per
1290 2879 1723 2943 substantivum
1761 2877 1973 2958 locum,
2014 2880 2075 2941 in
2111 2895 2226 2958 quo
2271 2883 2559 2961 curritur3
2602 2881 2909 2947 discedunt
2948 2881 3161 2964 stadio,
3204 2880 3358 2961 quod
3400 2883 3599 2948 nescio
3638 2895 3717 2946 an
3752 2880 3897 2946 ferri
3933 2885 4124 2963 possit

846 3015 1088 3095 propter
1121 2999 1407 3084 pluralem
1447 2999 1510 3061 in
1545 2992 1821 3083 τρόχων
1839 3041 1858 3069 ,
1916 3010 2273 3075 quamquam
2313 2999 2639 3074 Hesychius
2698 3016 2805 3079 per
2847 2994 3104 3087 δρόμων
3148 2998 3413 3079 explicat
3473 2998 3545 3063 de
3586 2996 3778 3063 stadio
3819 3000 4121 3066 usitatum.

841 3130 1004 3195 Infra
1049 3122 1228 3199 1153,
1273 3117 1433 3184 1154
1474 3119 1635 3178 recte
1675 3112 1982 3175 scribitur:

1588 3220 1705 3313 ἤδη
1752 3223 1804 3289 δ’
1852 3219 1930 3291 ἄν
1978 3221 2192 3294 ἕλκων
2240 3226 2464 3294 κῶλον
2509 3226 2894 3320 ἑκπλὲθρου
2939 3226 3191 3317 δρόμου

1584 3338 1818 3428 ταχὺς
1855 3341 2141 3427 βαδιςὴς
2183 3343 2516 3430 τερμόνων
2558 3343 2971 3431 ἀνθῆπτετο,

844 3474 946 3539 ubi
983 3471 1055 3535 de
1095 3465 1287 3531 stadio
1327 3478 1522 3527 sermo
1564 3467 1658 3525 est
1696 3477 1804 3525 sex
1845 3461 2078 3542 plethra
2115 3460 2306 3540 longo,
2344 3462 2491 3528 liiale
2531 3462 2913 3527 scholiastes:
2961 3456 3185 3527 κῶλον
3212 3455 3590 3548 ἔκπλεθρον
3634 3458 3807 3548 μέγα
3845 3459 4116 3549 πήδημα

849 3585 958 3653 καὶ
1008 3578 1403 3667 ὑπερβαῖνον
1447 3573 1753 3661 πλέθρου
1797 3574 2066 3661 μέτρον.
2151 3577 2341 3642 Habet
2396 3583 2461 3643 et
2513 3579 2835 3659 Xenophon
2894 3578 3151 3643 Ambus·
3205 3577 3297 3661 iv,
3342 3581 3402 3661 8,
3444 3579 3523 3642 25
3585 3575 3835 3664 δρόμου
3903 3577 4117 3664 ἐπιμε-

848 3702 1134 3788 ληθῆναι
1155 3744 1174 3772 ,
1255 3694 1411 3774 quod
1451 3694 1745 3760 Weiskius
1799 3698 1960 3758 recte
2007 3695 2459 3776 interpretatur,
2517 3702 2585 3758 ut
2640 3694 2977 3773 designaret
3032 3695 3227 3759 locum
3286 3693 3362 3758 ad
3399 3694 3780 3766 currendum.
3830 3702 3899 3761 ut
3938 3701 4119 3764 verba

843 3817 1147 3898 sequentia
1186 3814 1244 3889 §-
1288 3812 1368 3874 26
1426 3804 1598 3873 ὅπου
1641 3804 1758 3872 τὸν
1804 3804 2044 3893 δρόμον
2089 3805 2475 3892 πεποιηκὼς
2516 3805 2609 3894 εἴη
2667 3811 3005 3888 Krugerus:
3065 3827 3239 3891 quem
3296 3811 3565 3876 mittendi
3621 3812 3816 3878 locum
3867 3814 4116 3880 electum

845 3937 1137 4018 parasset.
1219 3929 1336 3992 Nec
1375 3940 1657 4005 repugno,
1703 3927 1755 3989 si
1796 3928 1926 4004 quis
1966 3925 2040 3988 ad
2079 3924 2366 4006 pluralem
2407 3923 2680 4011 τρόχων
2725 3927 2979 3992 conferri
3020 3943 3198 4007 posse
3237 3926 3551 3992 contendat
3595 3923 3915 4005 πεσσοὺς,
3962 3931 4118 4011 quod

846 4049 1193 4116 vocabulum
1234 4041 1535 4121 Euripides
1581 4045 1660 4104 68
1698 4041 1767 4105 de
1807 4042 1935 4105 loco
1975 4044 2192 4122 posuit,
2232 4057 2348 4120 quo
2384 4042 2623 4105 calcidis
2663 4041 2898 4106 luditur.
2957 4042 3072 4108 Sed
3111 4041 3250 4106 illud
3290 4042 3668 4108 refutandum
3706 4060 3841 4109 esse
3883 4062 4116 4134 censeo,

843 4165 999 4247 quod
1040 4159 1113 4228 ἐκ
1155 4157 1431 4248 τρόχων
1475 4172 1609 4220 cum
1650 4155 2058 4237 πεπαυμένοι
2108 4155 2482 4233 iungentibus
2539 4156 2710 4219 obiici
2766 4174 2943 4237 posse
2984 4157 3283 4238 videatur,
3360 4173 3478 4222 non
3520 4158 3741 4225 habere
3779 4160 4111 4245 ςείχουσι,

844 4298 961 4361 quo
1001 4279 1327 4343 definiatur.
1408 4274 1544 4337 Loci
1583 4275 1741 4336 notio
1785 4274 1937 4336 inest
1980 4275 2039 4336 in
2074 4272 2416 4351 pronomine
2460 4266 2591 4334 οἵδε
2615 4319 2633 4347 ,
2680 4272 2798 4335 huc
2836 4273 3139 4338 accedunt.
3180 4272 3303 4337 vid.
3351 4277 3523 4338 1118.
3583 4274 3745 4340 conf.
3769 4277 4116 4344 ²Wunderus

847 4397 920 4460 ad
959 4394 1150 4470 Anug.
1195 4394 1327 4456 155.
1425 4389 1608 4464 Quum
1667 4405 1785 4453 non
1838 4406 2032 4453 sermo
2084 4404 2218 4452 esse
2267 4386 2535 4451 videatur
2602 4388 2672 4452 de
2724 4388 2874 4454 ludis
2934 4389 3343 4472 sollemnibus,
3423 4392 3485 4455 in
3548 4392 3761 4471 quibus
3813 4410 3890 4457 ex
3952 4412 4114 4461 more

852 4515 1205 4576 Graecorum
1240 4507 1406 4571 liberi
1445 4508 1565 4569 sive
1605 4507 1838 4582 ingenui
1880 4506 2048 4584 pueri
2087 4506 2147 4567 in
2180 4503 2370 4567 stadio
2413 4504 2767 4587 currebant,
2823 4509 3046 4572 retineo
3099 4508 3579 4585 significationem
3641 4525 3870 4575 cursus.
3952 4513 4117 4578 conf.

843 4632 1093 4706 interpp.
1159 4623 1232 4687 ad
1278 4621 1542 4702 Xenoph.
1601 4621 1783 4685 Anab.
1837 4622 1928 4703 IV,
1996 4624 2052 4701 8,
2110 4623 2207 4684 27.
2309 4621 2580 4684 Ceterum
2650 4621 2721 4686 de
2780 4622 2970 4686 stadio
3023 4623 3310 4690 Minervae
3363 4624 3729 4704 Perspicacls
3790 4624 4112 4716 (Ἀθηνᾶς

846 4738 1340 4828 ,οξυδερκοῦὼ
1363 4786 1380 4820 ,
1422 4737 1577 4817 quod
1615 4737 1770 4817 apud
1812 4738 2138 4802 Corinthios
2177 4737 2372 4801 nobile
2411 4737 2562 4820 fuit,
2604 4739 2715 4804 boc
2755 4739 2885 4804 loco
2926 4757 3044 4805 non
3086 4740 3500 4822 disputandum
3541 4748 3648 4806 est.
