4625 5950
1674 678 2728 765 ——19—

550 898 1019 995 ὲῦΦρανθῆναι
1058 904 1133 970 de
1166 920 1238 971 re
1273 907 1434 985 turpi
1474 903 1716 987 dicitur,
1759 908 2117 985 antegressis
2160 906 2538 991 τερφθῆναι
2579 913 2643 970 et
2684 901 2988 988 ἣσθῆναι.
3090 904 3379 969 Cohaeret
3411 906 3655 970 verbum
3694 916 3828 971 eum

548 1014 822 1112 εὔφρων
841 1071 860 1096 .
903 1022 1059 1102 quod
1101 1026 1196 1088 est
1237 1021 1460 1098 hilaris,
1498 1021 1712 1102 laetus,
1755 1021 2087 1087 benevolus.
2184 1023 2562 1101 Parilcipium
2617 1018 2808 1108 ὄρῶσ’
2867 1020 2942 1086 de
2995 1022 3259 1102 tempore
3307 1021 3652 1087 sumendum
3713 1029 3828 1105 est,

551 1156 731 1220 quum
770 1139 995 1221 videat,
1041 1155 1159 1205 non
1199 1137 1271 1202 de
1313 1138 1582 1217 obiecto,
1624 1139 1779 1217 quod
1823 1144 1920 1203 est
1953 1139 2170 1204 liberos
2210 1142 2420 1205 visere.
2497 1140 2579 1203 Eo
2619 1139 2802 1216 igitur
2838 1130 3270 1224 εὐφραίνεται
3315 1137 3585 1204 definitur
3622 1146 3686 1204 et
3725 1157 3827 1206 ex·

548 1256 816 1336 plicatur.
896 1257 1079 1321 Notae
1121 1261 1262 1320 suut
1301 1256 1502 1319 variae
1540 1255 1675 1318 illae
1714 1255 2026 1320 verborum
2064 1256 2307 1338 classes,
2349 1271 2502 1334 quae
2542 1257 2656 1320 hoc
2696 1254 2869 1320 modo
2907 1271 3041 1318 cum
3068 1255 3391 1334 participiis
3432 1259 3583 1320 strui
3615 1257 3827 1340 solent,

549 1384 604 1437 v,
645 1388 696 1436 c.
733 1374 919 1438 verba
957 1386 1238 1439 sensuum
1252 1419 1272 1453 ,
1318 1371 1664 1454 affectuum,
1722 1371 2015 1450 cogitandi
2031 1420 2051 1454 ,
2103 1371 2457 1454 declarandi,
2498 1371 2654 1452 alia3
2706 1370 2812 1436 sed
2849 1386 3031 1450 quum
3071 1370 3276 1435 eadem
3315 1387 3431 1436 nou
3468 1388 3606 1436 raro
3647 1376 3829 1438 etiam

547 1489 860 1555 infinitivos
914 1494 1249 1570 assumant,
1313 1487 1451 1568 quid
1513 1487 1857 1553 discriminis
1907 1489 2201 1553 efficiatur
2252 1491 2314 1553 in
2361 1506 2427 1554 re
2486 1487 2798 1566 cogitanda
2836 1487 2953 1550 hac
2996 1490 3449 1553 constructionis
3488 1488 3826 1554 diversitate

548 1606 948 1684 quaerendum
985 1612 1095 1670 est.
1175 1606 1240 1670 111
1293 1604 1583 1669 nonnullis
1636 1603 1963 1669 differentia
2004 1608 2333 1685 ’perspicua
2375 1611 2486 1669 est.
2568 1602 2736 1668 Aliud
2795 1602 3014 1668 dixeris
3071 1602 3385 1683 φαίνεται
3431 1605 3822 1695 σωφρονεῖν.

550 1721 708 1785 aliud
740 1721 1056 1797 Φαίνεται
1102 1720 1511 1803 σωφρονῶνς
1570 1720 1723 1784 aliud
1784 1719 2199 1808 αἰσχύνομαι
2248 1721 2550 1800 ποιῆσαι,
2616 1719 2772 1784 aliud
2811 1711 3231 1804 αἰσχύνομαι
3273 1718 3586 1802 ποιήσας.
3668 1722 3826 1787 Idem

550 1836 852 1903 observari
887 1843 1087 1918 potest
1127 1839 1188 1901 in
1228 1837 1423 1901 verbis
1471 1830 1824 1911 αἰδεῖσθαι,
1870 1829 2250 1918 ὑπομένειν,
2295 1835 2687 1921 ἀνέχεσθαι.
2773 1835 2890 1900 Sed
2931 1834 3086 1915 quod
3123 1836 3323 1900 multis
3365 1837 3591 1919 placet,
3646 1842 3827 1918 parti-

551 1954 719 2033 cipiis
760 1954 835 2019 ad
873 1954 1154 2020 eiusmodi
1194 1953 1480 2018 vocabula
1521 1952 1731 2032 positis
1786 1955 2033 2033 exprimi
2083 1954 2174 2036 id,
2237 1954 2392 2034 quod
2443 1955 2557 2033 ipsi
2616 1952 2798 2018 oculis
2863 1954 3153 2016 cernimus
3170 1999 3191 2035 ,
3251 1953 3494 2018 auribus
3538 1955 3828 2039 audimus,

550 2072 745 2137 animo
788 2073 1132 2151 commus,
1172 2072 1460 2135 sentimus
1496 2076 1558 2134 et
1592 2073 1965 2152 percipimus,
2006 2070 2305 2135 infinitivis
2335 2087 2474 2135 vero
2502 2069 2815 2148 significari
2843 2085 2933 2150 ea,
2977 2083 3128 2148 quae
3156 2074 3262 2133 aut
3292 2069 3368 2133 ab
3409 2071 3537 2135 aliis
3579 2079 3827 2152 accepta

550 2189 818 2252 novimus
833 2234 853 2268 ,
914 2193 1020 2251 aut
1066 2189 1184 2266 ipsi
1236 2187 1504 2252 volumus
1563 2195 1627 2250 et
1662 2186 1932 2250 molimur
1946 2234 1966 2268 ,
2024 2188 2222 2252 multis
2268 2192 2331 2251 iu
2370 2189 2514 2253 locis
2551 2188 2906 2266 scriptorum
2960 2201 3166 2250 verum
3203 2186 3411 2251 haberi
3452 2204 3569 2254 nou
3607 2196 3823 2269 potest.

548 2303 616 2366 111
642 2310 880 2383 promtu
916 2309 1057 2369 suut
1095 2306 1244 2369 haec
1283 2303 1584 2384 exempla:
1625 2304 1920 2368 Demosth.
1971 2306 2031 2369 iu
2072 2305 2299 2368 iiidiam
2358 2307 2415 2381 ς.
2459 2306 2500 2368 3
2558 2298 2668 2367 ἐὰν
2724 2297 3027 2384 ἐπιδείξω
3083 2299 3356 2366 Μειδίαν
3411 2302 3686 2370 τουτονὶ
3732 2306 3822 2391 μὴ

552 2418 756 2504 μόνον
802 2421 898 2492 εἰς·
937 2419 1089 2506 ἐμὲ,
1159 2415 1347 2485 ἁλλὰ
1394 2414 1507 2482 καὶ
1544 2418 1640 2491 εἰς
1687 2412 1865 2503 ὑμᾶς
1910 2416 2019 2485 καὶ
2069 2423 2161 2493 εἰς
2205 2416 2375 2493 τοὺς
2416 2421 2670 2505 νόμους
2712 2414 2822 2484 καὶ
2862 2418 2958 2490 εἷς
2997 2413 3166 2490 τοὺς
3207 2411 3475 2492 ἄλλους
3517 2415 3825 2493 ἅπαντας

556 2530 888 2624 ὑβρικότα
927 2544 1040 2603 etc.
1123 2539 1423 2614 Lycurgus
1475 2539 1538 2600 111
1590 2537 1850 2602 Leocrat.
1905 2540 2004 2602 23.
2086 2536 2355 2621 λέγεται
2415 2534 2478 2603 ὲν
2542 2532 2831 2622 Σικελίᾳ
2874 2567 2958 2581 -
2996 2532 3071 2599 ἐκ
3122 2537 3250 2617 τῆς
3308 2531 3547 2620 Αἴτνης
3604 2531 3825 2626 ῥύακα

553 2650 772 2743 πυρὸς
809 2651 1142 2737 γενέσθαι.
1183 2686 1267 2698 -
1300 2684 1384 2699 -·-
1430 2645 1541 2716 ἕνα
1600 2648 1666 2717 δέ
1723 2675 1871 2716 τινα
1930 2653 2063 2717 τῶν
2118 2652 2488 2739 νεωτέρων,
2556 2651 2813 2742 ὁρῶντα
2870 2648 2987 2716 τὸν
3044 2650 3305 2737 πατέρα
3365 2648 3822 2742 πρεσβύτερον

559 2762 722 2835 ὄντα
767 2766 875 2833 καὶ
931 2761 1011 2835 οὗ
1059 2765 1415 2850 δυνάμενον
1480 2766 1898 2856 ἆποχωρεῒν,
1964 2764 2150 2832 ἄλλα
2202 2764 3009 2852 ἐγκαταλαμβανόμενον.
3068 2761 3394 2855 dedomo
3450 2770 3676 2857 Φέρειν
3717 2778 3830 2837 etc·

554 2887 817 2967 Xenoph.
857 2886 1169 2951 memorab.
1210 2886 1279 2968 ii,
1324 2890 1377 2965 1,
1415 2887 1516 2949 23.
1561 2882 1692 2971 ὁρῶ
1731 2902 1827 2955 σε.
1871 2871 1922 2947 εὖ
1946 2880 2334 2972 Ἡράκλεις.
2383 2882 2790 2969 ἂποροῦντα.
2842 2884 2964 2961 Ego
2999 2884 3343 2963 simpliciter
3380 2887 3604 2950 retineo
3641 2889 3831 2954 notio-

550 3020 688 3069 nem
733 3010 948 3085 status,
990 3019 1107 3083 quo
1149 3004 1280 3082 quis
1319 3003 1613 3079 cogitatur
1654 3017 1809 3081 esse,
1854 3007 1916 3064 et
1955 3003 2243 3066 rationem
2286 3005 2601 3082 temporis,
2643 3001 2796 3082 quod
2836 3007 3150 3081 utrumque
3190 3003 3344 3066 inest
3380 3004 3442 3066 in
3485 3006 3827 3085 participiis,

555 3122 831 3201 quoniam
884 3122 956 3183 ils
1008 3120 1198 3185 omnis
1247 3135 1451 3183 eorum
1513 3123 1818 3182 structura
1879 3117 2200 3199 caussalis,
2278 3118 2686 3183 conditionalis
2760 3122 2824 3182 et
2885 3120 3224 3183 concessiva
3284 3118 3565 3197 explicari
3637 3120 3829 3186 debet.

557 3233 818 3302 δέδοικα
864 3232 917 3298 δ’
950 3226 1262 3316 αὖτὴν-
1288 3230 1592 3319 δειμαίνω
1638 3231 1713 3297 τὲ
1746 3254 1862 3295 νιν.
1947 3231 2011 3295 111
2049 3232 2142 3295 his
2185 3233 2511 3297 subiectum
2554 3236 2970 3314 propositionis
3011 3233 3426 3298 subordinatae
3465 3237 3526 3299 in
3565 3239 3828 3301 enuntia?

558 3357 716 3419 tione
756 3354 1005 3435 palmari
1044 3353 1167 3417 sive
1211 3351 1484 3417 absoluta
1538 3351 1667 3415 loco
1728 3351 1939 3415 obiecti
1993 3353 2250 3430 positum
2304 3357 2439 3433 est,
2502 3350 2657 3431 quod
2713 3367 2832 3415 uon
2894 3366 3034 3415 raro
3082 3354 3391 3433 iuvenitur,
3450 3354 3628 3417 etiam
3671 3353 3828 3434 apud

555 3472 813 3535 Latinos.
907 3471 1124 3534 Vereor
1183 3485 1258 3533 ne
1304 3471 1440 3548 ipsa
1477 3467 1792 3547 quidquam
1844 3469 1977 3532 novi
2030 3468 2337 3548 moliatur3
2397 3484 2634 3549 vereor,
2697 3482 2773 3530 ue
2835 3474 3074 3532 acutum
3126 3484 3462 3533 mucronem
3508 3486 3616 3550 per
3667 3473 3829 3536 iecur

556 3586 773 3651 trudat.
855 3582 1003 3654 νέος
1042 3584 1114 3647 de
1159 3586 1541 3648 animantium
1587 3582 1979 3647 adolescentia
2021 3587 2083 3646 et
2122 3599 2320 3647 rerum
2365 3585 2623 3648 novitate
2665 3585 2726 3647 in
2766 3599 2880 3647 usu
2920 3589 3030 3649 est,
3077 3580 3302 3648 Κακὸν
3329 3581 3471 3647 νέον
3513 3588 3827 3666 opponitur

557 3700 831 3785 παλαιῷ
874 3704 995 3782 ⁷93
1057 3695 1318 3763 παλαιὰ
1380 3697 1634 3767 καινοῖς
1676 3701 1774 3761 70.
1868 3696 2135 3776 Inprimis
2197 3705 2396 3761 autem
2452 3696 2564 3763 νέα
2616 3704 2758 3764 sunt
2806 3715 2905 3764 res
2959 3701 3325 3780 insperatae,
3381 3716 3459 3764 ex
3512 3704 3827 3782 improviso

558 3818 891 3883 accidentes
927 3817 1291 3897 periculosae
1332 3819 1395 3879 et
1430 3813 1727 3878 adversae.
1809 3813 1965 3876 infra
2014 3817 2172 3878 1110
2212 3820 2309 3878 est
2353 3810 2575 3878 καινὸν
2620 3812 2860 3889 κακόν,
2920 3816 3076 3895 quod
3133 3832 3248 3880 uon
3306 3815 3460 3880 idem
3499 3834 3635 3884 esse
3674 3819 3824 3902 dico,

558 3939 664 4004 sed
720 3935 1052 4013 comparari
1116 3936 1331 4011 potest,
1430 3930 1587 3994 Idem
1647 3935 1742 3993 est
1793 3946 1871 3993 ex
1938 3946 2003 3993 re
2058 3931 2225 4009 ipsa:
2301 3928 2392 4011 μή
2456 3953 2522 3993 τι
2575 3923 2968 4014 βουλεύσης
3026 3929 3255 3995 κακόν.
3316 3934 3457 3996 321.
3548 3935 3689 4017 μῶν
3754 3959 3819 4000 τι

558 4044 879 4133 βουλεύει
923 4048 1089 4124 vem
1133 4048 1313 4127 Soph.
1332 4046 1478 4111 Phil.
1502 4048 1678 4110 122⁹.
1719 4046 2043 4111 Schoenlus
2063 4046 2135 4109 ad
2171 4047 2230 4110 11.
2274 4047 2312 4109 i.
2356 4054 2515 4112 reete
2556 4043 2757 4110 δεινόν
2800 4055 2862 4110 et
2908 4045 3112 4112 κακόν
3135 4048 3461 4129 explicavit.
3503 4050 3824 4118 (31111ίὶ317.

560 4168 826 4235 Nonnulli
885 4165 1113 4231 codices
1155 4163 1422 4228 Vaticani
1474 4168 1537 4227 et
1578 4163 1848 4226 Lascaris
1905 4161 2126 4225 habent
2190 4158 2396 4226 κακόν
2418 4209 2436 4237 ,
2517 4161 2673 4241 quod
2728 4163 3122 4227 Kirchhoffius
3177 4166 3417 4243 recepit.
3516 4166 3695 4232 Nobis
3749 4186 3824 4234 ex

559 4286 761 4363 glossa
797 4288 991 4347 ortum
1033 4298 1169 4345 esse
1209 4279 1451 4344 videmr.
1532 4277 1772 4364 βαρεῖα
1801 4276 1976 4363 φρὴν
2006 4278 2317 4356 exponitur
2345 4292 2381 4340 a
2407 4278 2728 4343 scholiasta
2769 4277 3188 4366 βαρυνομένη
3236 4275 3440 4366 λύπη,
3477 4298 3514 4346 a
3539 4283 3825 4353 Schoenlo

561 4399 826 4485 βαρέως
871 4396 1179 4482 φέρουσα
1220 4389 1464 4480 λύπην,
1510 4396 1755 4462 moleste
1796 4396 1994 4459 ferens
2036 4410 2377 4459 maerorem.
2457 4391 2718 4479 βαρύς.
2763 4395 2917 4476 quod
2960 4395 3031 4459 de
3067 4394 3323 4476 pondere
3365 4402 3429 4461 et
3486 4414 3692 4484 onere3
3752 4405 3824 4469 de

560 4520 774 4586 robore
816 4533 887 4581 ac
926 4513 1297 4594 fortitudine3
1357 4512 1430 4577 de
1472 4530 1612 4578 voce
1668 4519 1731 4577 et
1782 4527 1961 4589 sono,
2011 4511 2083 4575 de
2119 4529 2314 4577 rerum
2356 4513 2624 4578 molestia
2663 4517 2726 4577 et
2764 4513 3162 4576 calamitatum
3223 4516 3510 4590 angustiis
3553 4524 3827 4598 umrpari

562 4637 803 4715 scimus,
844 4632 919 4695 ad
956 4632 1255 4695 hominum
1286 4631 1577 4706 ingenium
1619 4628 1969 4692 translatum
2008 4628 2369 4692 iracundiam
2407 4635 2470 4693 et
2504 4631 2836 4695 violentiam
2871 4634 3055 4693 notat.
3116 4629 3397 4694 Praefero
3432 4634 3827 4718 interpretari,

562 4769 733 4818 mens
770 4748 1003 4814 Medeae
1045 4753 1141 4812 est
1177 4747 1449 4812 violenta.
1532 4747 1695 4810 lianc
1734 4748 1892 4810 vocis
1932 4747 2226 4810 notionem
2269 4746 2635 4813 liei-manuus
2674 4748 2929 4812 iudicare
2971 4747 3224 4811 voluisse
3264 4747 3510 4832 videtur,
3551 4751 3627 4814 ad
3645 4753 3826 4835 soph.

3311 4866 3395 4928 3·
