4625 5950
1700 658 2687 745 —9—

554 893 748 979 δέρας
791 894 1110 958 Elmsleius.
1214 892 1337 956 Non
1397 889 1549 954 male
1600 890 1901 955 Porsonus
1955 892 2186 971 censet,
2249 883 2439 973 δέρος
2474 887 2565 952 vel
2604 904 2680 951 ex
2721 887 3056 952 coniectura
3096 885 3492 966 reponendum
3529 903 3697 969 esse,
3752 905 3826 954 ne

553 1013 666 1076 duo
708 1028 914 1076 versus
952 1013 1013 1073 in
1055 1008 1300 1075 eundem
1340 1024 1547 1072 sonum
1589 1011 1820 1071 exeant.
1917 1004 2286 1087 versiculus,
2330 1007 2430 1084 qui
2471 1003 2792 1085 antecedit,
2827 1002 3115 1067 clauditur
3154 1018 3298 1066 voce
3340 999 3582 1089 χέρας.
3665 1005 3827 1070 Infra

551 1131 674 1191 480
717 1124 1127 1212 πάγχρυσον
1171 1121 1382 1207 δέρας.
1475 1119 1690 1208 Πελίᾳ
1736 1128 1832 1187 est
1868 1124 1929 1186 in
1968 1120 2336 1187 commodum
2373 1121 2591 1202 Peliae,
2628 1124 2727 1200 qui
2769 1123 2828 1184 in
2869 1119 3149 1184 Peliotide
3192 1119 3531 1184 Thessaliae
3571 1125 3830 1205 regione,

554 1245 779 1307 Aesone
842 1242 1124 1323 expulso,
1188 1257 1369 1319 regno
1431 1243 1654 1320 potitus
1704 1244 1835 1305 erat
1887 1244 1950 1303 et
2009 1237 2396 1319 expeditionis
2448 1238 2919 1315 Argonautarum
2977 1236 3279 1302 faciendae
3331 1240 3558 1302 exstitit
3607 1245 3829 1303 auctor.

554 1359 661 1421 Alii
703 1364 1030 1439 sequuntur
1068 1360 1233 1422 Ennii
1270 1359 1816 1436 interpretationem
1854 1358 2098 1436 imperio
2138 1357 2295 1433 regis
2341 1355 2567 1433 Peliae,
2624 1355 2778 1435 quod
2830 1358 2889 1418 in
2929 1353 3118 1418 medio
3178 1355 3458 1435 relinquo.
3544 1351 3645 1420 Ού
3694 1355 3826 1438 γὰρ

553 1467 631 1535 ἄν
681 1470 961 1538 δέσποιν’
1006 1471 1124 1555 ἐμὴ
1169 1479 1282 1537 etc.
1384 1473 1594 1537 Forma
1655 1468 1962 1537 δέσποινα
2020 1471 2386 1551 frequentius
2443 1474 2627 1534 utitur
2678 1470 2980 1551 Euripides
3039 1486 3214 1550 quam
3272 1471 3456 1534 altera
3519 1467 3823 1541 δεσπότις

552 1590 614 1653 V.
662 1593 751 1654 17.
834 1589 921 1652 Ad
980 1584 1288 1676 πύργους
1339 1605 1458 1652 non
1505 1595 1603 1652 est
1658 1588 1812 1668 quod
1862 1591 2221 1669 praepositio
2277 1588 2638 1668 suppleatur.
2737 1588 3068 1666 Piiugkium
3121 1588 3335 1652 fecisse
3396 1591 3588 1652 miror.
3687 1589 3832 1651 Nam

553 1705 708 1785 quod
746 1710 1104 1787 praecipitur
1135 1708 1195 1770 in
1234 1707 1563 1784 linguarum
1606 1705 1814 1770 formis
1856 1706 2282 1786 verborumque
2324 1705 2842 1783 significationibus
2903 1711 3065 1769 recte
3120 1704 3390 1769 eruendis
3433 1712 3609 1784 atque
3654 1722 3834 1785 expo-

552 1822 755 1887 nendis
798 1840 1032 1903 semper
1072 1823 1147 1886 ab
1188 1823 1260 1886 iis
1305 1821 1660 1902 rationibus,
1723 1838 1874 1902 quae
1932 1822 2007 1886 ad
2052 1823 2245 1886 locum
2300 1828 2363 1887 et
2413 1823 2726 1886 motionem
2770 1827 3063 1901 spectant,
3108 1821 3521 1886 exordiendum
3563 1838 3723 1901 esse,
3775 1822 3834 1884 id

553 1937 708 2001 haud
753 1939 924 2004 dubie
968 1942 1218 2003 maxime
1256 1937 1568 2003 tenendum
1606 1944 1731 2021 est,
1788 1939 1889 2004 ubi
1929 1941 2062 2020 quis
2099 1954 2377 2020 casuum,
2439 1941 2540 2017 qui
2582 1936 2885 2019 dicuntur,
2948 1939 3225 2015 originem
3271 1953 3341 2000 ac
3384 1944 3658 2002 naturam
3699 1938 3837 2001 velit

554 2055 863 2134 explicare.
949 2055 1133 2129 Quum
1173 2057 1349 2133 igitur
1390 2057 1762 2120 accusativus
1821 2058 1873 2119 is
1926 2057 2174 2120 nominis
2230 2071 2408 2120 casus
2474 2057 2586 2136 sit,
2651 2057 2750 2134 qui
2806 2070 2920 2134 quo
2974 2054 3111 2134 quid
3160 2060 3465 2119 moveatur
3526 2055 3835 2134 exprimat,

556 2171 727 2237 facile
769 2174 962 2236 omnia
1004 2172 1184 2237 verba
1227 2171 1507 2236 eiusmodi
1566 2174 1878 2236 motionem
1935 2171 2326 2250 significantia
2377 2171 2534 2235 hunc
2597 2171 2852 2252 habent,
2914 2171 3075 2234 nulla
3133 2173 3566 2251 praepositione
3624 2170 3836 2234 addIta.

557 2289 768 2352 Nostro
828 2290 889 2352 in
951 2290 1079 2354 loco
1132 2284 1404 2352 ἔπλευσ’
1444 2303 1516 2352 eo
1582 2287 1753 2353 modo
1809 2291 2066 2368 positum
2132 2293 2259 2370 est,
2337 2303 2693 2368 quamquam
2764 2288 3116 2365 singularem
3173 2287 3465 2367 quandam
3526 2289 3838 2351 motionem

558 2404 840 2481 designat.
933 2405 1183 2483 Saepius
1239 2402 1442 2467 eadem
1506 2406 1737 2469 ratione
1794 2410 2134 2470 constructa
2205 2406 2577 2470 inveniuntur
2639 2404 2852 2485 verba,
2926 2420 3078 2484 quae
3138 2419 3499 2468 communem
3554 2404 3727 2468 eundi
3779 2409 3841 2468 et

560 2520 822 2584 veniendi
863 2523 1158 2585 notionem
1212 2520 1529 2585 declarant.
1630 2521 1853 2586 Docent
1890 2521 1950 2585 id
2003 2525 2265 2587 carmina
2301 2524 2608 2588 Homerica
2662 2538 2955 2602 quumque
3008 2538 3108 2586 res
3164 2523 3471 2586 notissima
3534 2524 3614 2585 sit
3667 2526 3731 2586 et
3780 2524 3841 2586 in

561 2638 766 2717 quovis
804 2639 1158 2717 scriptorum
1199 2654 1411 2716 genere
1450 2638 1695 2719 usitata,
1738 2652 1931 2718 pauca
1971 2637 2335 2718 adiungimus
2374 2638 2659 2719 exempla.
2707 2633 2848 2726 ἥκω
2882 2636 3047 2707 Διὸς
3087 2638 3246 2708 παῖς
3290 2633 3481 2719 τήνδε
3523 2635 3836 2721 Θηβαίων

561 2751 792 2837 χθόνα
845 2754 1051 2816 Bacch.
1100 2756 1152 2817 1.
1270 2749 1486 2818 ἐλθὼν
1550 2749 1619 2817 δὲ
1685 2753 1878 2836 γαῖαν
1937 2750 2115 2838 τήνδ’
2178 2750 2662 2841 ὲβουφόρβουν
2728 2751 2896 2838 ξένῳ
2971 2755 3093 2818 Alc.
3137 2757 3192 2818 8.
3291 2749 3500 2833 ἀκτὴν
3559 2748 3611 2814 δ’
3661 2751 3840 2820 ἵκανε

564 2865 959 2952 Παγασηΐδα
997 2869 1378 2949 Apoiiiihod.
1419 2871 1465 2951 1,
1505 2873 1647 2937 318.
1734 2867 1995 2960 ἐχθρὸς
2036 2869 2152 2957 μὲν
2197 2871 2330 2959 ’γὰρ
2375 2870 2792 2957 μετέσσεται,
2841 2866 2964 2942 οὓς
3010 2893 3120 2936 κεν
3169 2867 3702 2955 ἵκηταιΤΥι-ῑαειιε
3720 2872 3838 2954 Ῑ,7.

564 2987 746 3061 Quam
802 2986 1028 3051 dicendi
1084 2989 1369 3052 rationem
1410 2989 1649 3053 Latinos
1667 3036 1687 3070 ,
1757 2992 2009 3054 maxime
2063 2994 2307 3072 poetas,
2366 2992 2628 3054 imitatos
2682 3007 2817 3054 esse
2874 2993 3145 3070 constat,
3206 3005 3317 3053 nec
3364 2987 3520 3068 quod
3555 3005 3744 3067 nuper
3783 2992 3846 3054 in

562 3103 780 3181 Virgilii
820 3102 1173 3167 carminibus
1211 3104 1435 3168 factum
1477 3110 1572 3169 est
1591 3153 1611 3187 ,
1673 3106 1957 3172 eiusmodi
2015 3106 2305 3172 formulae
2367 3106 2684 3172 tentandae
2735 3113 2840 3170 aut
2903 3104 3280 3185 corrigendae
3343 3112 3499 3169 sunt.
3602 3105 3845 3169 Terram

566 3217 906 3297 Hesperiam
947 3221 1145 3285 venies
1210 3220 1439 3286 Aeneid.
1480 3222 1550 3307 ii,
1592 3225 1731 3287 781.
1777 3224 1939 3288 conf.
1975 3223 2226 3299 Heynius
2270 3223 2348 3288 ad
2385 3224 2431 3305 1,
2473 3226 2530 3288 2.
2612 3222 2742 3305 γῆς
2776 3217 3111 3292 Ἰωλκίας.
3195 3221 3347 3286 Urbs
3387 3228 3484 3285 est
3509 3222 3847 3286 Thessaliae

565 3331 879 3416 Ἰωλκός,
922 3332 1232 3408 Ἰαλκός.
1278 3332 1629 3409 Ἰαωλκός.
1719 3340 1856 3404 Pari
1907 3340 2079 3405 modo
2117 3334 2435 3410 Ἰωλκὶας
2476 3335 2747 3423 χθονός
2780 3341 2920 3402 551.
3015 3335 3299 3408 Ἰωλκός
3337 3339 3669 3419 appellatur
3711 3340 3843 3423 Πη·

569 3446 797 3520 λιῶτις
842 3455 981 3516 484.
1037 3454 1219 3531 igitur
1269 3457 1386 3519 sita
1425 3455 1540 3519 ruit
1579 3455 1654 3519 ad
1698 3456 1917 3537 Pelion,
1959 3456 2157 3536 ibique
2197 3456 2413 3540 Aeson,
2451 3456 2677 3521 Iasonis
2718 3462 2910 3537 pater,
2953 3472 3062 3520 rex
3106 3455 3292 3519 fuisse
3331 3455 3559 3519 dicitur.
3633 3456 3847 3536 Iolkos,

567 3584 716 3647 quae
757 3569 975 3634 herbas
1015 3573 1247 3635 mittere
1290 3571 1498 3635 dicitur
1539 3571 1696 3652 apud
1739 3572 1938 3637 Horat.
1978 3573 2144 3652 epod
2175 3573 2246 3655 V,
2295 3577 2367 3656 1,
2422 3573 2537 3637 ruit
2574 3578 2638 3638 et
2675 3576 2871 3652 patria
2910 3572 3235 3638 Alcestidis.
3317 3571 3441 3635 Vid.
3482 3574 3732 3652 interpp.
3772 3572 3848 3636 ad

567 3686 685 3749 Alc.
728 3688 865 3749 241.
948 3686 1062 3751 Sed
1105 3702 1223 3752 non
1263 3691 1411 3752 satis
1454 3689 1668 3772 liquet,
1711 3689 1848 3769 quid
1889 3706 1997 3770 per
2051 3683 2362 3775 πύργους
2419 3688 2852 3768 intelligendum
2899 3691 2980 3753 sit
3057 3682 3320 3776 Πύργοι
3381 3695 3521 3753 sunt
3578 3690 3732 3752 muri
3787 3695 3851 3752 et

570 3806 795 3868 moenia
835 3807 1046 3868 turrita
1066 3852 1084 3886 ,
1121 3812 1263 3870 sunt
1304 3807 1577 3889 castella,
1614 3809 1792 3872 etiam
1828 3808 2161 3888 superiores
2204 3806 2412 3871 domus
2455 3812 2659 3887 partes
2676 3853 2695 3889 ‚
2756 3808 2817 3870 in
2873 3805 3086 3885 quibus
3141 3804 3396 3871 feminae
3443 3804 3850 3870 versabantur.

569 3921 804 3986 Tralate
858 3915 1124 4007 πύργος
1178 3928 1274 3987 est
1317 3923 1641 4006 refugium,
1706 3923 2062 4004 praesidinm
2101 3926 2242 3988 394.
2327 3924 2581 3989 Calllnus
2624 3924 2686 3988 in
2724 3923 2873 4000 eleg.
2916 3924 3015 3987 20.
3113 3920 3405 4002 Optimum
3448 3938 3584 3986 esse
3623 3920 3851 3986 videtur

570 4039 849 4116 palatium
914 4041 1138 4115 regium
1195 4039 1533 4118 intelligere.
1649 4040 1933 4115 Quidnam
2005 4040 2354 4105 discriminis
2429 4042 2512 4105 sit
2564 4042 2719 4104 inter
2772 4055 2948 4104 voces
3005 4032 3271 4124 πύργος
3330 4044 3393 4101 et
3439 4033 3670 4126 τύρῥις
3727 4039 3849 4103 slve

570 4147 825 4238 τύρσις.
873 4156 1074 4235 turris,
1117 4170 1235 4219 non
1275 4155 1449 4219 facile
1490 4154 1723 4220 dixeris.
1809 4149 2070 4244 Πύργοι
2116 4163 2181 4223 et
2216 4153 2640 4246 πυργώματα
2683 4162 3001 4238 vocantur,
3046 4155 3203 4236 quod
3243 4158 3616 4220 coniunctum
3658 4154 3848 4220 habes

576 4287 709 4334 cum
750 4286 890 4335 voce
936 4270 1134 4358 τείχη
1181 4271 1334 4347 cycl.
1384 4274 1518 4335 115.
1604 4264 1860 4359 Τύρσις
1921 4277 2019 4337 est
2045 4274 2331 4353 palatium
2386 4274 2628 4338 Saturni
2690 4272 2846 4354 apud
2889 4271 3121 4337 Pindar.
3166 4271 3348 4347 Olym.
3388 4271 3459 4352 ii,
3501 4274 3598 4334 77.
3680 4271 3848 4351 Apud

576 4386 1018 4466 Xenophontem
1059 4387 1242 4452 Anab.
1296 4388 1413 4470 vn,
1463 4391 1524 4472 8,
1585 4391 1682 4470 12,
1747 4391 1821 4453 13
1865 4384 2101 4477 τύρσις
2147 4395 2210 4455 et
2248 4384 2514 4478 πύργος
2553 4390 2706 4455 idem
2747 4396 2858 4454 est.
2938 4389 3193 4454 Verbum
3248 4388 3436 4451 habes
3479 4388 3687 4451 Bacch.
3735 4389 3850 4452 153

576 4504 929 4585 πυργιῦσαι
965 4496 1177 4580 ἔστ-υς
1221 4506 1439 4570 tralate
1468 4505 1757 4597 πυργοῖς
1785 4504 1988 4595 χάριν
2016 4508 2157 4571 528.
2193 4508 2566 4572 Himnemuz
2595 4506 2748 4584 frag
2779 4510 2834 4570 8.
2898 4506 3024 4570 Vox
3053 4505 3140 4586 γῆ
3169 4520 3584 4584 nonnunquam
3606 4504 3678 4568 de
3707 4505 3853 4570 urbe

578 4624 930 4702 usurpatur,
970 4627 1039 4685 nt
1078 4623 1392 4702 perspicue
1435 4623 1591 4704 apud
1630 4624 1987 4688 Hatthaeum
2027 4623 2097 4705 li,
2127 4628 2166 4688 6
2205 4622 2320 4688 καὶ
2368 4616 2448 4687 σὺ
2494 4619 2834 4709 Βηθλεὲμ,
2879 4621 2965 4704 γῆ
2993 4614 3244 4685 Ἰούδα.
3326 4620 3415 4685 Ab
3457 4621 3642 4685 altera
3684 4627 3854 4701 parte

580 4732 784 4807 πόλις·
841 4736 912 4803 de
968 4740 1204 4816 regione
1264 4741 1516 4819 ponitur.
1618 4740 1782 4805 Conf.
1837 4740 1990 4816 cyci
2032 4744 2112 4805 99
2179 4739 2475 4830 Βρομίου
2539 4735 2737 4805 πόλιν
2798 4733 3059 4822 ἔοιγμεν
3119 4731 3476 4815 ets-Balsio.
3581 4737 3856 4803 Nostrum

3360 4856 3399 4918 2
