4625 5950
856 877 1107 959 ledono,
1149 875 1361 956 quibus
1402 888 1515 936 usa
1553 877 1649 937 est
1691 876 1812 937 603
1875 873 2014 958 μῶν
2056 871 2371 959 ’γαμοῦσα
2422 867 2532 936 καὶ
2572 867 2918 958 προδοῦσά
2962 891 3068 946 aa
3163 871 3265 950 ubi
3322 888 3431 951 per
3475 873 3722 937 ironiam
3779 869 4011 953 γαμεῖν
4055 870 4126 937 de

852 996 1072 1061 femina
1112 994 1368 1072 positum
1411 994 1524 1071 est,
1563 1005 1716 1069 quae
1759 988 2121 1072 γαμεῖσθαι
2163 989 2393 1054 dicatur
2447 994 2696 1070 oportet.
2787 989 2925 1055 Inde
2986 992 3172 1053 statui
3229 993 3442 1071 queat,
3502 985 3619 1055 τὸν
3670 983 3980 1073 γήμαντα
4024 1004 4132 1067 per

853 1111 1159 1188 enallagen
1197 1110 1426 1186 generis
1468 1112 1530 1172 et
1571 1123 1702 1170 cum
1739 1108 2005 1173 irrisione
2044 1105 2116 1169 de
2162 1107 2381 1172 Glauca
2416 1106 2850 1184 intelligendum
2883 1122 3038 1188 esse,
3097 1106 3328 1185 hocque
3365 1122 3441 1170 ex
3478 1105 3803 1184 composito
3851 1120 3921 1168 eo
3957 1102 4129 1167 modo

852 1230 1238 1306 enuntiatum,
1278 1231 1347 1288 ut
1387 1223 1721 1301 ambiguum
1762 1228 1943 1305 esset,
1981 1227 2180 1286 utrum
2223 1222 2293 1286 de
2337 1223 2544 1286 Iasone
2586 1237 2662 1286 an
2703 1221 2775 1287 de
2815 1222 3034 1286 Glauca
3072 1225 3271 1287 nutrix
3308 1222 3490 1287 verba
3530 1221 3731 1287 faciat.
3829 1220 3932 1284 iiis
3967 1215 4132 1283 dubi-

853 1344 1172 1412 tationibus
1214 1343 1431 1422 missis,
1469 1342 1751 1420 optimum
1782 1340 1952 1403 nobis
1980 1356 2116 1404 esse
2142 1337 2389 1420 videtur,
2427 1338 2584 1418 quod
2616 1354 2800 1418 supra
2835 1340 2954 1402 iam
2979 1338 3197 1403 dictum
3227 1344 3340 1421 est,
3375 1344 3443 1402 ut
3462 1337 3644 1403 verba
3666 1332 3755 1421 μὴ
3778 1332 4035 1417 snm-bv
4052 1367 4133 1381 -

855 1459 1119 1548 ἥπατος
1162 1459 1234 1522 de
1274 1457 1472 1521 liberis
1513 1457 1874 1535 explicentur
1913 1471 1950 1519 a
1991 1454 2190 1520 Medea
2231 1454 2455 1520 devotis
2498 1451 2635 1518 114.
2729 1455 2817 1518 1111
2859 1455 3057 1535 paullo
3115 1460 3251 1521 ante
3292 1455 3727 1520 commemorati
3765 1458 3909 1517 sunt
3941 1454 4133 1532 iisque

848 1582 1053 1649 nutrix
1094 1579 1259 1640 timet
1295 1573 1491 1637 dicens
1536 1570 1727 1653 ςυγεῖ
1764 1568 1834 1634 δὲ
1877 1566 2121 1641 παῖδας
2156 1574 2257 1635 36.
2355 1571 2672 1636 Praeterea
2735 1572 2916 1635 verba
2970 1574 3296 1653 sequentia,
3341 1571 3493 1655 σιγῆ
3537 1604 3618 1615 -
3661 1567 3915 1654 λέχος,
3978 1582 4129 1647 quae

853 1698 926 1762 de
963 1695 1202 1777 propria
1241 1690 1475 1755 Medeae
1512 1688 1681 1754 domo
1724 1704 1841 1752 non
1885 1689 2031 1752 bene
2073 1687 2503 1769 intelliguntur,
2567 1692 3029 1768 transponantur
3077 1694 3312 1768 oportet
3366 1693 3505 1768 post
3544 1686 3894 1753 versiculum
3935 1678 3972 1771 ἢ
4018 1676 4128 1746 καὶ

857 1810 1179 1897 τύραννον
1222 1839 1303 1850 -
1348 1800 1589 1893 κτάνῃ,
1654 1803 1807 1883 quod
1865 1808 1927 1868 et
1986 1803 2114 1867 aliis
2154 1804 2345 1867 visum
2403 1809 2514 1868 est.
2617 1804 2740 1868 Hoc
2793 1806 2845 1867 si
2903 1803 3189 1886 facimus,
3250 1810 3412 1870 recte
3452 1805 3572 1869 ista
3611 1802 3794 1867 verba
3851 1800 3924 1865 de
3963 1799 4133 1864 domo

859 1933 1111 1997 Glaucae
1152 1927 1461 2004 capiuntur
1503 1925 1567 1984 et
1604 1922 1866 2001 inprimis
1911 1916 2132 2004 λέχος
2174 1919 2246 1985 de
2280 1920 2436 1985 lecto
2472 1921 2684 1999 geniali
2736 1923 2860 1984 sive
2905 1921 3224 2003 coniugali,
3274 1923 3335 1985 in
3390 1937 3506 2000 quo
3557 1922 3825 1985 occisura
3882 1922 3980 1981 est
4037 1914 4134 1980 de·

857 2049 1194 2129 sponsatos,
1239 2041 1501 2121 quamvis
1542 2054 1660 2103 non
1689 2037 1917 2100 factum
1952 2037 2047 2099 sit.
2132 2036 2337 2100 Sermo
2383 2039 2559 2114 igitur
2611 2044 2707 2102 est
2748 2037 2820 2101 de
2858 2038 3059 2103 llberis
3101 2037 3262 2104 ferro
3303 2036 3745 2117 interficiendis,
3802 2034 3875 2100 de
3916 2034 4133 2098 Glauca

860 2172 924 2232 et
963 2166 1169 2228 Iasone
1212 2159 1364 2222 clam
1431 2153 1848 2219 obtruncandis
1866 2201 1884 2234 ‚
1965 2170 2084 2218 non
2137 2152 2373 2217 definita
2410 2155 2538 2218 eius
2579 2155 2741 2218 necis
2781 2157 3024 2220 ratione.
3127 2155 3397 2219 Ceterum
3448 2156 3502 2217 si
3564 2153 3913 2217 coniecturis
3971 2150 4135 2214 locus

852 2283 1059 2348 sanari
1097 2277 1293 2355 debet,
1357 2273 1497 2336 mihi
1556 2274 1945 2336 inveteratum
1998 2270 2289 2349 quoddam
2349 2273 2550 2336 vitium
2608 2273 2671 2334 in
2708 2271 2905 2336 verbis
2946 2273 3141 2336 inesse
3186 2271 3429 2337 videtur.
3532 2270 3810 2349 Displicet
3847 2264 4130 2353 θηκτόν.

860 2397 1018 2480 quod
1055 2409 1174 2474 qua
1214 2392 1286 2455 de
1328 2405 1543 2453 caussa
1583 2390 1640 2452 n
1682 2389 1721 2452 i.
1761 2388 2160 2451 necessarlum
2198 2390 2278 2450 sit
2319 2403 2435 2451 non
2494 2403 2813 2470 assequor,
2879 2390 3145 2468 quamvis
3206 2389 3486 2452 facinoris
3547 2389 3917 2451 atrocitatem
3975 2390 4135 2449 recte

858 2516 1170 2597 exprimat.
1249 2508 1552 2587 Suspicari
1584 2506 1719 2569 licet
1742 2507 1802 2567 in
1829 2521 1905 2570 eo
1931 2504 2214 2569 vocabulo
2255 2505 2507 2569 formam
2551 2504 2843 2585 quandam
2886 2508 3045 2570 vocis
3087 2502 3320 2569 τέκνον
3355 2505 3560 2570 latere.
3641 2504 3707 2568 Si
3743 2520 3852 2583 per
3889 2501 4137 2566 trimetri

858 2637 1020 2712 leges
1059 2631 1282 2707 liceret,
1325 2624 1643 2688 scriberem
1685 2618 1954 2685 τέκνων.
2040 2622 2097 2685 Is
2137 2637 2278 2686 vero
2314 2623 2377 2685 in
2414 2623 2655 2701 paribus
2705 2622 3034 2686 iamborum
3074 2621 3312 2685 sedibus
3354 2636 3473 2686 non
3513 2620 3765 2685 admittit
3796 2619 4134 2699 spondeum.

865 2753 1144 2816 Fortasse
1186 2742 1558 2806 accusativus
1599 2735 1830 2802 τέκνον
1875 2738 2019 2801 ferri
2059 2745 2285 2817 potest:
2327 2754 2553 2820 vereor,
2588 2756 2664 2804 ne
2703 2738 2858 2819 quod
2895 2739 2969 2803 ad
3010 2738 3297 2802 infantem
3338 2740 3546 2802 attinet
3584 2736 3787 2801 trudat
3825 2753 3933 2816 per
3965 2752 4136 2816 prae·

865 2866 1062 2933 cordia
1099 2864 1341 2939 ferrum,
1385 2858 1442 2920 h.
1484 2873 1535 2921 e.
1580 2871 1821 2935 vereor,
1864 2871 1936 2920 ne
1979 2871 2228 2934 puerum
2284 2856 2525 2920 occidat,
2622 2855 2741 2920 Aut
2793 2856 3098 2934 legendum
3146 2860 3241 2920 est
3299 2852 3499 2919 τέκνα
3540 2853 3604 2938 γ’
3646 2887 3729 2899 -
3773 2852 4129 2937 φασγάνῳ.

866 2984 1197 3061 Honebunt,
1238 2981 1297 3042 iu
1339 2976 1467 3040 aliis
1509 2973 1652 3038 iocis
1695 2967 1957 3058 θηκτός
2002 2971 2076 3037 ad
2114 2973 2326 3037 similia
2367 2973 2653 3038 vocabula
2691 2974 2851 3056 poni,
2889 2973 3270 3040 utPhoeniss.
3289 2976 3370 3037 68
3391 2970 3629 3056 θηκτῷ
3661 2967 3904 3060 σιδήρῳ
3948 2966 4133 3053 δῶμα

868 3096 1219 3181 διαλαχεῖν
1262 3089 1438 3158 τόδε.
1524 3090 1660 3155 Inde
1703 3095 1901 3153 tamen
1944 3105 2063 3154 non
2106 3092 2387 3170 sequitur,
2429 3096 2492 3154 et
2529 3092 2587 3154 h.
2625 3092 2664 3155 i.
2689 3108 2892 3155 verum
2924 3106 2995 3155 ac
3018 3093 3312 3156 sincerum
3349 3107 3503 3154 esse.
3583 3088 3810 3154 Addere
3846 3089 4133 3170 volumus,

866 3222 939 3286 de
982 3218 1234 3281 Glaucae
1275 3215 1338 3274 et
1373 3208 1688 3273 liberorum
1728 3205 1960 3271 Medeae
1998 3211 2188 3270 morte
2229 3208 2347 3270 alia
2383 3207 2697 3273 tradidisse
2736 3208 3093 3273 Pausaniam
3129 3210 3190 3272 in
3234 3208 3618 3272 Corinthiacis
3657 3206 3755 3270 lib.
3793 3206 3864 3288 11,
3907 3208 3968 3286 3,
4017 3207 4132 3269 118

868 3344 1046 3415 atque
1117 3334 1176 3393 in
1228 3330 1433 3391 nostro
1493 3324 1758 3388 dramate
1803 3323 2111 3403 Euripideo
2174 3323 2338 3387 facta
2398 3341 2533 3388 esse
2590 3325 2877 3389 feruntur.
2977 3325 3110 3388 Fuit
3162 3324 3422 3389 Corinthi
3484 3320 3689 3407 κρήνη
3752 3318 4134 3407 καλουμένη

867 3444 1220 3533 Γλαύκης·
1272 3439 1338 3512 ἐς
1383 3438 1511 3527 ’γὰρ
1556 3433 1810 3526 ταύτην
1861 3434 2115 3529 ἔρῥιξεν
2160 3434 2369 3521 αὑτὴν
2416 3434 2540 3519 (ὡς
2588 3437 2892 3524 λέγουσι)
2936 3441 3069 3504 τῶν
3103 3438 3402 3524 Μηδείας
3443 3434 3717 3504 ἔσεσθαι
3759 3431 4135 3528 Φαρμάκων

868 3567 950 3635 τὸ
1008 3560 1182 3646 ὕδωρ
1242 3555 1608 3644 νομίζουσα
1675 3551 1859 3636 ἴαμα.
1951 3550 2113 3642 ὑπὲρ
2174 3552 2429 3641 ταύτην
2484 3557 2841 3644 πεποίηται
2898 3555 3018 3638 τὴν
3097 3553 3334 3643 κρήνην
3405 3551 3518 3620 καὶ
3575 3552 3654 3620 τὸ
3725 3550 4139 3640 καλούμενον

864 3679 1184 3750 Ὠιδεῖον.
1259 3673 1439 3757 παρὰ
1498 3669 1565 3736 δὲ
1622 3664 1811 3735 αὐτό
1861 3671 2082 3757 μνῆμά
2149 3668 2286 3737 ἐστι
2350 3673 2499 3744 τοῖς·
2563 3671 2862 3759 Μηδείας
2915 3672 3178 3748 παισὶν,
3257 3658 3345 3735 ὧν
3415 3669 3711 3755 ὀνόματα
3775 3672 3889 3755 μέν
3949 3674 4139 3754 σφισι

871 3798 1225 3889 Μέρμερος
1269 3787 1379 3853 καὶ
1426 3786 1677 3877 Φέρης,
1748 3785 2303 3870 καταλιθωθῆναι
2362 3786 2431 3854 δὲ
2493 3784 2621 3854 ὑπὸ
2668 3791 3037 3878 Κορινθίων
3096 3787 3406 3873 λέγονται
3449 3790 3584 3853 τῶν
3629 3784 3852 3876 δώρων
3897 3788 4138 3864 εἵνεκα.

874 3903 961 3981 ὦν
1010 3914 1091 4000 vij
1138 3900 1425 3989 Γλαύκη
1469 3905 1734 3986 κομίσαι
1780 3898 1986 3972 Φασὶν
2034 3898 2317 3975 αὐτούς.
2423 3902 2627 3991 μείζω
2677 3902 3035 3988 συμφοράν
3086 3905 3158 3969 de
3211 3906 3532 3987 supplicio,
3591 3921 3707 3985 quo
3769 3906 3897 3970 fieri
3946 3913 4143 3986 potest

870 4042 939 4100 ut
975 4033 1273 4114 puniatur,
1314 4022 1676 4098 cogitaveris.
1759 4020 2003 4100 Proprie
2045 4027 2241 4086 tamen
2282 4019 2609 4107 συμφορά
2670 4021 2741 4086 de
2782 4037 2973 4100 poena
3022 4039 3141 4087 non
3181 4028 3507 4103 usurpant,
3567 4022 3676 4086 sed
3736 4023 3808 4088 de
3856 4025 4036 4087 rebus
4083 4032 4144 4089 et

872 4148 1132 4216 adversis
1176 4146 1237 4205 et
1277 4136 1563 4202 secundis.
1647 4134 1917 4200 Additum
1972 4134 2120 4199 τινα
2173 4138 2469 4218 ostendit,
2535 4140 2823 4203 nutricem
2882 4139 2953 4203 de
3010 4140 3230 4204 maiore
3284 4140 3540 4219 quadam
3603 4141 3936 4205 calamitate
3971 4142 4145 4222 loqui.

874 4260 1042 4343 δεινὴ
1087 4255 1215 4344 γάρ
1257 4259 1613 4331 interpretor
1649 4259 1718 4315 ut
1756 4268 1939 4331 supra
1983 4250 2222 4341 βαρεῖα
2267 4251 2468 4342 (Ορήν.
2520 4254 2820 4320 contem
2866 4250 3040 4319 δεινὰ
3085 4248 3372 4341 Κύπρις.
3425 4258 3542 4320 120
3587 4252 3758 4320 davd
3806 4257 4143 4346 τυράννων

872 4375 1172 4462 λήματα.
1261 4370 1447 4444 Quum
1488 4368 1630 4431 nihil
1667 4367 1923 4431 additum
1967 4371 2079 4449 sit,
2122 4367 2194 4431 ad
2235 4367 2387 4447 quod
2430 4364 2600 4449 δεινὴ
2643 4371 2961 4451 referatur,
3026 4371 3372 4452 vehemens,
3430 4374 3683 4438 violenta
3725 4390 3857 4439 esse
3898 4375 4143 4458 videtur,

876 4491 1032 4574 quod
1073 4488 1430 4565 antegressis
1473 4486 1725 4550 maxime
1765 4491 2219 4550 consentaneum
2261 4501 2397 4548 esse
2437 4485 2713 4549 videmus.
2799 4488 2954 4551 Citat
2985 4488 3249 4553 Clemens
3291 4489 3716 4554 Alexandrinus
3755 4491 4035 4556 Stromat.
4074 4494 4143 4572 11,

875 4629 933 4693 1).
958 4610 1098 4674 388.
1142 4603 1244 4668 Ed.
1284 4603 1442 4677 Syll).
1479 4602 1591 4667 1108
1628 4618 1835 4666 versus
1875 4600 1947 4667 (le
1979 4601 2208 4666 liedes:
2252 4595 2361 4664 καὶ
2405 4598 2724 4683 μανθάνω
2766 4603 2883 4685 μὲν
2926 4598 3034 4668 οἶα
3076 4599 3234 4692 δρᾷν
3274 4601 3507 4689 μέλλω
3554 4606 3758 4684 κακὰ,
3806 4606 4033 4695 θυμὸς
4074 4606 4144 4672 δὲ

879 4726 1194 4813 κρείσσων
1236 4718 1366 4784 τῶν
1416 4714 1583 4805 ἐμῶν
1628 4713 2147 4799 βουλευμάτων.
2215 4717 2386 4796 Legis
2434 4733 2540 4782 eos
2598 4722 2791 4801 1066,
2843 4724 3017 4786 1067.
3131 4722 3249 4786 Per
3305 4722 3528 4788 mediiis
3581 4728 3738 4814 rapit
3786 4727 3878 4789 ira
3936 4725 4142 4790 cnedoe
