4625 5950
2132 669 2260 755 17
2437 720 2723 735 -——

551 901 747 967 huni
779 900 973 967 verbis
1011 899 1264 983 tenenffi,
1300 897 1574 982 habendi,
1615 898 1949 981 possidendi
1987 915 2122 963 cum
2162 899 2491 978 participiis
2543 897 2793 976 perfecti
2847 899 3113 961 utuntur.
3202 895 3366 960 coni.
3406 895 3828 963 Ramsbornius

550 1021 610 1095 ς.
657 1022 794 1100 171,
834 1019 902 1101 11,
945 1020 1001 1082 2.
1083 1019 1149 1082 111
1189 1024 1440 1098 utraque
1481 1017 1677 1095 lingua
1723 1017 1818 1080 his
1860 1015 2246 1082 locutiombus
2288 1031 2360 1078 ea
2403 1015 2835 1095 exprimuntur,
2894 1028 3046 1092 quae
3085 1012 3247 1076 facta
3285 1018 3429 1076 sunt
3465 1029 3828 1095 quorumque

548 1141 795 1200 eventus
833 1134 1088 1199 nondum
1129 1140 1386 1216 cessant,
1428 1132 1533 1198 sed
1572 1132 1894 1214 perdurant
1932 1138 1996 1197 et
2036 1134 2466 1196 continuantur.
2550 1130 2709 1204 Quod
2764 1130 2986 1194 Graeco
3041 1129 3305 1209 perfecto
3365 1131 3612 1209 exprimi
3660 1131 3828 1197 solet.

551 1252 916 1316 Aoristorum
974 1253 1287 1332 participia
1339 1266 1574 1330 semper
1629 1249 1859 1329 quidem
1915 1251 2208 1316 notionem
2262 1248 2718 1329 praeteritorum
2765 1248 3096 1327 continent,
3160 1249 3371 1311 ceteris
3426 1246 3613 1311 modis
3666 1248 3826 1313 haud

548 1365 781 1433 definite
819 1373 1057 1449 tempus
1091 1367 1534 1448 denotantibus3
1576 1366 1682 1432 sed
1722 1365 1981 1430 additum
2023 1361 2171 1450 ἔχει
2214 1365 2417 1445 efficit,
2458 1370 2526 1428 ut
2569 1379 2852 1444 praesens
2883 1363 3056 1427 simul
3086 1363 3461 1442 significetur.
3519 1364 3826 1444 Cognitum

549 1483 742 1550 habeo
783 1490 881 1550 est
921 1487 1164 1563 cognovi
1220 1489 1284 1548 et
1336 1499 1644 1562 cognosco.
1755 1484 1969 1548 Eodem
2011 1482 2181 1548 modo
2225 1477 2562 1569 ἀτιμάσας
2602 1476 2750 1565 ἔχει
2794 1482 3131 1545 contemtim
3175 1483 3451 1544 tractavit
3488 1487 3551 1545 et
3589 1487 3825 1548 tractat.

550 1599 911 1666 scholiastes
950 1601 1291 1680 adscripsit:
1330 1597 1657 1670 ’Δττικῶς
1701 1598 1849 1664 (ivri
1895 1599 2020 1664 τοῦ
2065 1594 2377 1685 ἢτίμησε,
2432 1605 2602 1663 utens
2645 1597 2929 1662 vocabulo
2971 1594 3252 1681 ἂτιμᾶν,
3303 1597 3459 1677 quod
3497 1600 3558 1662 111
3593 1600 3827 1667 Homeri

550 1717 905 1782 carminibus
941 1718 1156 1795 legitur
1174 1765 1193 1798 ‚
1237 1715 1393 1797 apud
1437 1718 1692 1795 tragicos
1732 1732 1871 1780 vero
1910 1732 2029 1781 non
2046 1752 2053 1763 ·
2071 1720 2415 1797 usurpatur,
2451 1717 2506 1778 si
2549 1716 2811 1794 excipias
2854 1730 3033 1778 unum
3072 1714 3283 1796 locum,
3325 1715 3505 1795 Soph.
3542 1717 3631 1780 Δί.
3664 1721 3822 1784 1198

550 1828 641 1918 μὴ
688 1853 803 1896 νυν
849 1831 1058 1916 ἀτίμα
1103 1829 1345 1909 θεοὺς.
1413 1832 1598 1904 θεοῖς
1661 1829 2113 1918 σεσωσμένος.
2176 1834 2237 1896 111
2282 1848 2399 1912 quo
2441 1832 2570 1896 loco
2609 1832 2780 1896 lectio
2819 1831 3020 1895 multis
3061 1830 3364 1910 probatur.
3464 1831 3824 1899 scholiastes

548 1948 852 2015 debuisset
889 1949 1180 2015 scribere:
1220 1943 1500 2034 ἢτίμσσε
1542 1944 1653 2014 καὶ
1695 1944 2026 2034 ἂτιμὰζει.
2089 1948 2285 2028 Supra
2310 1948 2557 2025 legimus
2605 1943 2641 2031 ἦ
2687 1942 3014 2032 δύστηνος
3057 1942 3461 2034 ἠτιμασμένη
3507 1950 3604 2015 20.
3661 1951 3825 2017 Conf.

548 2068 802 2145 interpp.
843 2066 918 2129 ad
955 2065 1226 2145 Sophocl.
1266 2067 1460 2144 Antig.
1504 2068 1603 2130 22.
1683 2066 2102 2130 Valckenarius
2154 2065 2229 2129 ad
2283 2065 2641 2130 Phoenissas
2702 2082 2758 2144 p.
2817 2066 2956 2128 712.
3038 2064 3402 2129 Hermannus
3448 2064 3523 2129 ad
3560 2067 3824 2134 Bacchas

557 2183 732 2246 1082.
812 2183 1114 2260 Pssugkius
1149 2181 1225 2245 ad
1266 2183 1323 2245 h.
1360 2181 1399 2246 l.
1456 2173 1698 2251 'rossa'
1744 2177 2088 2268 ἐρημώσας
2131 2175 2259 2265 ἔχε
2296 2186 2395 2246 90.
2437 2177 2804 2265 ,θαυμάσας
2850 2176 2998 2266 ἔχω
3044 2178 3522 2246 oed.col.114o.
3567 2182 3822 2266 στήσας·

554 2292 747 2385 ἔχεις
788 2300 921 2374 Tyr.
962 2304 1102 2364 699.
1184 2300 1446 2374 Quanam
1486 2297 1909 2377 significatione
1951 2301 2185 2378 proprie
2229 2293 2416 2385 ἔχειν
2471 2300 2533 2362 111
2573 2299 2666 2362 lus
2716 2298 3321 2363 circumlocutionibus
3364 2306 3649 2384 ponatur,
3711 2306 3823 2369 viri

549 2415 707 2480 docti
739 2433 858 2481 non
891 2420 1042 2481 satis
1082 2418 1504 2495 explicuerunt.
1586 2413 1866 2480 Videntur
1905 2414 2055 2479 (luae
2091 2417 2352 2480 rationes
2388 2417 2562 2480 huius
2602 2432 2744 2479 usus
2787 2432 2937 2480 esse.
3038 2417 3105 2480 In
3159 2415 3289 2479 allis
3346 2418 3499 2480 enim
3538 2422 3823 2500 exemplis

555 2527 740 2617 ἔχειν
778 2535 993 2598 retinet
1028 2530 1283 2596 habendi
1328 2534 1453 2596 sive
1496 2530 1731 2596 tenendi
1767 2532 2058 2596 notionem
2072 2578 2091 2612 ,
2152 2531 2216 2595 in
2276 2532 2406 2596 aliis
2457 2538 2654 2597 autem
2703 2535 2967 2612 proxime
3012 2531 3236 2596 aceedit
3278 2531 3349 2596 ad
3387 2550 3522 2598 eum
3561 2552 3821 2621 sensum,

552 2668 671 2732 quo
723 2667 904 2731 saepe
964 2654 1186 2713 statum
1250 2653 1314 2713 et
1371 2648 1756 2713 conditionem
1815 2646 2083 2729 denotat,
2162 2648 2372 2712 additis
2441 2649 2654 2713 diversi
2719 2652 2949 2728 generis
3006 2648 3292 2713 adverbiis
3341 2667 3393 2714 e.
3449 2667 3505 2729 g.
3567 2648 3822 2731 καλῶς,

553 2767 1008 2853 ἄφροντίςως.
1055 2760 1413 2839 εὐνοϊκῶς.
1459 2761 1892 2854 θαρῥαλέως,
1940 2760 2326 2851 πολεμικῶς
2370 2765 2443 2829 ai.
2520 2765 2658 2830 Inde
2698 2764 3073 2831 refutandum
3113 2772 3238 2846 est,
3278 2765 3434 2846 quod
3473 2768 3825 2836 scholiastes

553 2887 885 2949 annotavit:
930 2880 1010 2948 τὸ
1057 2879 1208 2966 ἔχει
1253 2881 1326 2947 ἐκ
1360 2880 1705 2969 περισσοῦ.
1785 2883 1852 2946 111
1895 2881 2090 2945 verbis
2136 2884 2503 2969 συμφορᾶς
2552 2876 2683 2946 ὕπο
2730 2884 3088 2962 praepositio
3131 2885 3462 2963 postposita
3514 2888 3825 2966 perspicue

549 3005 622 3069 de
657 3018 871 3068 caussa
911 3002 1265 3079 intelligitur.
1342 3001 1466 3066 Non
1504 3015 1654 3079 opus
1695 3004 1823 3081 est,
1872 3004 1956 3062 ‚ut
2007 3015 2141 3063 cum
2196 3000 2518 3063 scholiasta
2577 2999 2653 3064 ad
2693 2995 2830 3065 οἷον
2873 3016 3075 3065 vocem
3109 2999 3375 3083 ἀγαθόν
3409 3003 3824 3087 suppleamus3

551 3118 981 3200 suggerendum
1018 3123 1217 3182 tamen
1259 3123 1355 3182 est
1395 3114 1574 3196 ἐστὶ,
1624 3116 1779 3197 quod
1817 3116 2058 3181 verbum
2099 3117 2387 3196 supprimi
2425 3119 2486 3180 in
2525 3117 2901 3181 sollemnibus
2942 3117 3211 3182 formulis
3266 3134 3399 3181 cum
3438 3119 3825 3186 substantivis

551 3245 615 3304 et
648 3238 946 3302 adiectivis
989 3236 1211 3300 tirones
1250 3236 1460 3298 sciunt.
1541 3229 2031 3298 ἂπολείπεσθαι
2085 3233 2363 3314 relinqui,
2430 3232 2621 3298 deseri
2675 3239 2946 3299 statuunt
2984 3236 3042 3298 11.
3082 3235 3119 3297 1.
3160 3252 3293 3299 esse
3334 3238 3571 3318 privari,
3610 3238 3825 3304 collato

549 3359 680 3423 loco
720 3354 1044 3434 Sophocleo
1087 3350 1213 3417 τοῦ
1246 3349 1368 3416 σοῦ
1412 3346 1502 3435 μὴ
1549 3346 2038 3415 ἀπολείπεσθαι
2081 3346 2317 3430 τάφου
2359 3350 2442 3413 ΕΙ.
2490 3354 2661 3414 1160.
2742 3351 3082 3432 Comparari
3122 3358 3374 3431 possunt
3411 3351 3620 3435 verba,
3670 3370 3822 3434 quae

551 3475 708 3539 infra
744 3472 1018 3550 leguntur
1060 3471 1199 3533 649.
1280 3467 1366 3531 lbi
1404 3466 1619 3532 chorus
1659 3465 2007 3531 feminarum
2032 3466 2461 3530 Corinthiarum
2504 3466 2577 3530 (le
2616 3468 2914 3532 amoribus
2959 3468 3289 3550 disputans,
3329 3470 3483 3533 inter
3522 3470 3635 3533 alia
3673 3472 3823 3537 baec

551 3593 871 3671 eloqultur:
974 3583 1266 3671 μόχθων
1335 3575 1524 3649 δὀὐκ
1591 3575 1812 3653 ἄλλος
1872 3576 2156 3669 ὕπερθεν
2216 3578 2254 3670 ἢ
2307 3583 2439 3665 γᾶς
2496 3584 2783 3665 πατρίας
2851 3583 3226 3667 στέρεσθαι.
3329 3586 3604 3650 Attamen
3657 3596 3821 3671 puto,

551 3708 795 3773 verbum
834 3706 891 3769 11.
931 3705 969 3767 l.
1012 3702 1351 3781 simpliciter
1405 3716 1539 3765 esse
1590 3697 1887 3764 discedere
1943 3705 2049 3763 aut
2101 3700 2330 3764 abesse.
2431 3700 2751 3787 πατρῷος
2804 3707 2972 3767 notat
3020 3703 3387 3781 potissimum
3427 3719 3528 3784 ea,
3590 3719 3743 3783 quae
3784 3722 3821 3770 a

551 3833 725 3909 patre
766 3826 1045 3900 accepta3
1116 3816 1402 3904 πάτριος
1443 3817 1571 3897 illa,
1634 3831 1787 3895 quae
1832 3831 1869 3881 a
1910 3816 2227 3880 maioribus
2280 3816 2498 3879 tradita
2555 3824 2695 3881 sunt
2713 3866 2730 3900 ‚
2790 3821 3052 3898 inprimis
3093 3818 3252 3897 leges
3270 3867 3288 3899 ,
3351 3821 3817 3905 consuetudines,

549 3945 835 4009 instituta.
917 3936 1036 4001 Sed
1075 3934 1360 3999 vocabula
1401 3939 1853 4013 commutantur,
1896 3931 2050 4012 quod
2088 3935 2146 3996 in
2199 3933 2500 4013 formulis,
2563 3949 2714 4014 quae
2763 3935 2838 3998 ad
2901 3942 3121 3999 terram
3183 3951 3254 3999 ac
3306 3936 3539 4000 domum
3598 3940 3819 4003 relatae

551 4064 711 4138 sunt,
747 4070 925 4133 saepe
959 4052 1043 4116 fit.
1090 4041 1169 4115 οὗ
1219 4048 1350 4136 ’γὰρ
1393 4054 1707 4137 πατρῷον
1755 4045 1929 4115 τόνδ’
1976 4045 2296 4133 ἐδεξάμην
2341 4046 2540 4133 νόμον
2596 4051 2718 4114 Alc.
2761 4055 2899 4116 657.
2980 4052 3137 4126 Quae
3179 4057 3418 4133 scripsit
3456 4056 3819 4122 Hermannus

554 4177 629 4241 ad
669 4171 811 4238 Med.
852 4171 1010 4249 420,
1050 4167 1303 4247 probata
1342 4167 1610 4245 Krogero
1653 4166 1726 4230 ad
1770 4166 2030 4246 Xenoph.
2074 4165 2257 4230 Anab.
2301 4166 2395 4246 ΙΙΙ,
2439 4168 2499 4247 2,
2545 4172 2658 4231 lo:
2721 4167 2970 4252 πάτρια
3027 4176 3170 4233 sunt
3225 4187 3378 4250 quae
3418 4178 3556 4234 sunt
3597 4177 3818 4259 patris3

553 4286 835 4376 πατρῷα
880 4300 1033 4364 quoe
1074 4285 1312 4348 veniunt
1365 4298 1402 4346 a
1454 4286 1655 4362 patre3
1699 4279 1995 4367 πατρικά
2051 4283 2247 4360 qualia
2304 4289 2446 4347 suut
2497 4286 2702 4364 patris.
2786 4286 3082 4372 Πατρεῦσι
3127 4295 3323 4351 autem
3361 4293 3590 4352 tontum
3632 4293 3821 4377 abest,

554 4413 623 4474 ut
661 4405 864 4472 eadem
909 4406 1047 4485 sint,
1087 4417 1238 4481 quae
1278 4397 1550 4485 πάτρια.
1598 4406 1665 4464 ut
1705 4402 1824 4464 sint
1856 4414 1948 4478 ea,
1987 4414 2140 4479 quae
2176 4405 2318 4463 sunt
2354 4401 2530 4463 κατὰ
2574 4402 2659 4463 τά
2701 4399 2989 4489 πάτρια,
3054 4402 3276 4467 babent
3327 4403 3677 4472 difficiliores
3719 4428 3822 4475 ex-

556 4525 824 4606 plicatus.
903 4519 1038 4583 iiiiii
1077 4517 1420 4582 obscuriora
1459 4534 1591 4581 esse
1630 4516 1901 4581 videntur
1942 4532 2120 4594 quam
2164 4516 2345 4581 verba
2381 4519 2745 4595 grammatici
2784 4521 2845 4582 in
2883 4519 3132 4585 Bekkeri
3165 4519 3377 4586 Anecd.
3417 4523 3479 4586 Τ.
3512 4528 3561 4587 1.
3601 4541 3655 4605 p.
3677 4528 3819 4610 297,

559 4654 710 4720 quae
748 4637 1113 4700 Hermannus
1162 4634 1301 4697 dicit
1337 4632 1588 4699 obscure
1627 4631 2014 4698 differentiam
2050 4633 2324 4698 indicare.
2379 4635 2481 4698 ille
2516 4636 2843 4714 significare
2884 4642 3057 4716 putat
3086 4638 3370 4723 πατρῷα
3391 4640 3819 4730 -χρὴμστσ

561 4757 670 4820 καὶ
719 4752 1029 4838 κτήματα
1091 4745 1201 4814 καὶ
1246 4749 1548 4824 τόπους.
1611 4746 1860 4836 πάτρια
1918 4748 2006 4814 τὰ
2069 4746 2192 4837 ἔθη
2264 4749 2373 4815 καὶ
2428 4752 2514 4817 τὰ
2575 4750 2817 4835 νόμιμα
2861 4761 2972 4819 etc.
3075 4754 3155 4820 De
3197 4756 3421 4822 Latinis
3473 4764 3701 4839 patrius
3760 4771 3822 4828 et

3366 4878 3407 4940 3
