4625 5950
1949 660 2940 753 *4-

812 889 951 952 Vide
991 889 1436 954 Valckenarium
1477 889 1551 953 ad
1595 892 1897 958 Phoeniss.
1939 896 2095 976 ⁷613
2138 892 2534 974 noeprnerum
2575 892 2651 955 ad
2685 892 2995 972 Cyclopem
3032 908 3090 973 p.
3131 895 3280 972 ¹⁷13
3320 891 3593 970 Vigerum
3631 896 3693 956 et
3725 893 4077 979 interpretes

810 1005 883 1067 ad
931 1006 1123 1086 Oedip.
1164 1009 1296 1083 Tyr.
1339 1011 1460 1073 863
1478 1056 1498 1091 ,
1543 1009 1643 1073 ubi
1682 1010 1950 1093 legimus,

1681 1123 1775 1190 Εἴ
1795 1149 1910 1211 μοι
1951 1122 2175 1214 ξυνείη
2207 1125 2482 1216 φέροντι

1678 1242 1878 1332 μοῖρα
1924 1245 2048 1308 τάν
2089 1236 2415 1309 εὔσεπτον
2463 1243 2723 1325 ἁγνείαν
2769 1238 2989 1326 λόγων

1681 1355 1889 1445 ἔργων
1932 1382 2007 1424 τε
2048 1361 2313 1425 πάντων
2358 1393 2440 1405 --

802 1470 883 1534 At
923 1487 1060 1537 vero
1101 1479 1353 1557 constat,
1394 1478 1571 1540 istam
1611 1478 1957 1556 particulam
1999 1494 2132 1542 cum
2176 1477 2304 1541 aliis
2345 1479 2742 1542 consociatam
2780 1479 2841 1541 in
2882 1475 3122 1556 optandi
3146 1475 3414 1540 formulis
3441 1476 3748 1539 enuntiari.
3805 1474 4071 1553 Inprimis

799 1589 915 1654 huc
954 1593 1251 1670 pertinent
1291 1592 1349 1657 εἰ
1388 1592 1517 1679 γάρ
1561 1599 1620 1656 et
1660 1588 1798 1657 εἴθε
1815 1639 1834 1672 ,
1898 1594 1969 1658 de
2008 1609 2258 1673 quarum
2297 1593 2624 1658 discrimine
2665 1595 2890 1658 felicius
2931 1595 3262 1657 Hermanno
3303 1593 3676 1672 praecepisse
3718 1589 4070 1653 Nitzscliium

800 1705 938 1770 dicit
976 1708 1275 1772 Ellendtus
1311 1710 1373 1773 in
1410 1710 1578 1774 lexic.
1619 1711 1798 1789 Soph.
1840 1728 1887 1774 s.
1925 1727 1980 1773 r.
2018 1705 2178 1776 εἴθε.
2268 1711 2595 1775 Notandum
2637 1715 2833 1775 tamen
2894 1715 3011 1785 est,
3061 1709 3374 1774 formulam
3416 1707 3474 1772 εἰ
3511 1704 3641 1791 γάρ
3683 1724 3801 1771 non
3838 1722 4073 1785 semper

799 1823 874 1886 ab
921 1826 1259 1904 optantibus
1304 1830 1579 1906 usurpari
1600 1875 1618 1909 ‚
1660 1827 1765 1891 sed
1806 1828 2098 1905 significat
2138 1831 2319 1892 etiam
2358 1827 2659 1908 siquidem.
2742 1828 2995 1907 Sophoc.
3034 1827 3167 1891 Oed.
3207 1828 3341 1902 Tyr.
3383 1829 3481 1907 80,
3525 1829 3597 1890 81
3629 1845 3646 1887 :

1616 1932 1853 2025 αἶ”ναξ
1882 1934 2379 2019 ’Δπολλον,ἐι’
2418 1943 2547 2028 γὰρ
2596 1942 2658 2009 ἐν
2700 1939 2889 2028 τύχη
2934 1942 3011 2027 γέ
3050 1966 3149 2026 τῳ

1619 2062 1866 2147 σωτῆρι
1909 2060 2070 2146 βαίη
2097 2111 2117 2137 ,
2179 2057 2494 2148 λαμβρὸς
2535 2056 2753 2147 ὥσπερ
2801 2055 3075 2145 ὄμματι.

794 2174 1084 2253 Theognis
1121 2178 1280 2240 ⁷10:
1601 2174 1766 2242 Εἴθε
1806 2176 2067 2258 γένοιτο
2110 2177 2301 2248 θεοῖς
2345 2174 2519 2252 Φίλα
2560 2210 2641 2222 -

792 2292 1134 2356 Theocritus
1172 2294 1265 2375 ΙΙΙ,
1314 2296 1420 2357 12:
1953 2329 2034 2339 —
2088 2290 2241 2358 αἴθε
2277 2293 2587 2378 γενοίμαν

1607 2411 1648 2474 ἁ
1688 2409 2048 2497 βομβεῦσα
2084 2406 2367 2497 μέλισσα
2416 2405 2525 2475 καὶ
2572 2407 2639 2480 ἐς
2682 2406 2830 2474 τεὸν
2877 2402 3117 2494 ἄντρον
3166 2407 3453 2490 ἱκοίμαν.

791 2525 951 2600 Quod
992 2543 1175 2607 supra
1209 2526 1479 2609 diximuS,
1523 2544 1696 2591 usum
1722 2527 2015 2592 indicativi
2052 2531 2113 2592 in
2148 2529 2386 2607 optandi
2411 2528 2679 2592 formulis
2720 2544 2797 2591 ex
2831 2526 3301 2591 conditionalium
3340 2524 3806 2606 propositionum
3847 2528 4061 2587 natura

789 2643 1069 2721 explicari
1124 2642 1336 2708 debere
1350 2693 1368 2726 ,
1429 2645 1612 2709 verba
1672 2651 1881 2710 nostra
1934 2648 2243 2726 perspicue
2303 2643 2530 2709 docent.
2644 2645 2875 2708 Utinam
2930 2642 3230 2707 debuisset
3285 2659 3405 2709 non
3457 2642 3759 2721 pervolare
3796 2641 4057 2715 Cyaneas

785 2759 943 2837 Argo
986 2765 1049 2824 et
1086 2778 1238 2841 quae
1278 2767 1636 2844 sequuntur,
1680 2765 1765 2826 ita
1803 2777 2088 2842 expressa
2127 2767 2296 2844 sunt,
2339 2766 2409 2825 ut
2447 2763 2646 2826 nutrix
2689 2764 2940 2843 cogitet,
2978 2776 3105 2825 rem
3148 2761 3316 2825 allter
3358 2777 3425 2827 se
3465 2759 3687 2824 habere
3727 2762 3850 2823 sive
3893 2759 4056 2825 facta

789 2891 922 2939 esse
937 2925 955 2959 ‚
993 2894 1147 2957 quae
1187 2885 1621 2944 commemorat.
1702 2881 2024 2959 Propterea
2061 2884 2222 2946 recte
2262 2880 2679 2957 consequentia
2716 2879 2810 2942 his
2846 2878 3052 2961 verbis-
3084 2879 3389 2958 proposita
3428 2882 3592 2942 suut:

1630 3030 1713 3041 —
1756 2988 1832 3061 οὗ
1876 2994 2005 3083 γάρ
2044 2989 2121 3059 ἄν
2168 2992 2451 3060 δέσποιν’
2498 2992 2616 3080 ἐμὴ

1553 3109 1813 3194 Μήδεια
1856 3106 2166 3200 πύργους
2207 3114 2335 3195 γῆς
2369 3107 2638 3178 goviano·
2679 3108 3010 3182 Ἰωλκίας.

783 3227 898 3292 Pro
945 3223 1353 3292 διαπτάσθαι
1410 3230 1509 3292 alii
1556 3229 1689 3293 libri
1746 3230 2034 3309 praebent
2077 3226 2527 3304 διαπτᾶσθαι,
2592 3230 2690 3294 alii
2732 3226 3163 3293 διασπᾶσθαι.
3252 3227 3368 3292 Sed
3420 3228 3646 3294 formae
3700 3230 4053 3294 aorlstorum

785 3339 1088 3407 πτὰσθαι
1131 3349 1192 3408 et
1234 3344 1559 3421 πτὲσθαι,
1624 3346 1695 3409 de
1735 3347 1944 3425 quibus
2002 3363 2217 3424 magna
2265 3345 2381 3409 fult
2435 3348 2692 3411 virorum
2727 3346 3032 3410 doctorum
3071 3344 3354 3409 dissensio
3414 3361 3599 3423 neque
3638 3351 3734 3409 est
3769 3345 4051 3410 librorum

793 3462 1145 3539 optimorum
1185 3478 1541 3544 consensuS‚
1590 3469 1794 3558 nostro
1838 3469 2101 3542 tempore
2146 3463 2413 3528 omnibus
2455 3465 2851 3541 grammaticis
2901 3469 2964 3527 et
3006 3464 3243 3526 criticae
3290 3465 3435 3527 artis
3475 3466 3680 3541 peritis
3720 3464 4048 3528 hominibus

782 3576 1121 3655 probantur.
1229 3580 1390 3643 Conf.
1427 3581 1775 3645 Matthiaeus
1835 3584 1896 3645 in
1950 3583 2104 3645 notis
2164 3580 2236 3643 ad
2293 3581 2351 3643 h.
2408 3579 2443 3644 1.
2529 3580 2852 3645 Lobeckius
2915 3577 2989 3641 ad
3034 3579 3114 3642 Αἰ.
3156 3581 3293 3643 280.
3401 3578 3695 3643 Seidlerus
3738 3580 3812 3642 ad
3853 3581 4049 3660 Eur-ip.

781 3693 864 3756 El.
907 3698 1044 3758 938.
1127 3697 1509 3776 Perspicuum
1551 3703 1645 3762 est
1689 3696 2129 3777 διαπτάσθαι,
2188 3695 2341 3777 quod
2398 3699 2632 3776 proprie
2683 3694 3020 3775 pervolandi
3060 3697 3356 3760 notionem
3394 3695 3606 3777 habet,
3657 3696 3770 3760 hoc
3808 3696 3937 3761 loco
3978 3700 4049 3762 de

783 3810 957 3874 celeri
993 3814 1205 3889 navigii
1249 3831 1425 3876 cursu
1467 3814 1608 3895 dici,
1650 3821 1718 3878 ut
1757 3814 1911 3894 apud
1949 3815 2251 3879 Horatium
2296 3813 2581 3878 vocabula
2623 3812 2854 3877 volandi
2889 3817 2949 3876 et
2988 3810 3264 3876 volItandi
3303 3811 3479 3890 Epod.
3525 3815 3616 3875 16.
3661 3813 3828 3878 Odar.
3871 3816 3961 3898 lv,
3990 3821 4045 3880 5.

782 3927 863 3990 De
921 3930 1398 3993 struthiocamelo
1461 3939 1723 4011 usurpat,
1763 3933 2103 4011 Xenophon.
2149 3930 2400 3994 Anabas.
2441 3931 2485 4011 1,
2529 3932 2588 4012 5,
2630 3933 2670 3994 3
2713 3930 3058 3994 vocabulum
3094 3927 3484 4003 ἀπέπτατο,
3528 3930 3602 3992 ad
3644 3946 3815 4009 quem
3854 3933 4047 3998 locum

780 4044 1215 4109 Bornemannus
1256 4046 1532 4111 videndus
1574 4055 1683 4112 est.
1783 4048 2040 4112 Eundem
2077 4048 2279 4112 confer
2321 4046 2472 4127 quod
2511 4046 2583 4109 ad
2624 4048 2875 4110 formam
2915 4046 3079 4110 verbi
3122 4049 3334 4110 attinet
3383 4048 3442 4110 in
3481 4046 3666 4112 indice
3708 4053 4046 4125 graecitatis

782 4176 831 4220 S.
871 4177 924 4220 v.
970 4160 1450 4226 ἂποπέτεσθαι.
1552 4164 1717 4244 Apud
1761 4166 2111 4245 Sophoclem
2167 4168 2334 4244 pueri
2392 4165 2661 4227 dicuntur
2706 4158 2965 4226 οὐδέπω
3029 4160 3293 4251 μακρὰν
3346 4160 3635 4226 πτὲσθαι
3701 4164 4046 4237 στένοντες

785 4276 918 4340 Oed.
956 4279 1088 4352 Tyr.
1137 4283 1244 4361 17,
1291 4280 1446 4359 quod
1486 4284 1834 4361 interpretes
1877 4300 1992 4346 non
2030 4283 2180 4345 male
2218 4299 2295 4346 ex
2332 4297 2401 4345 ea
2438 4280 2854 4346 consuetudine
2889 4283 3200 4358 poetarum
3242 4285 3498 4342 sumtum
3539 4297 3672 4345 esse
3711 4284 4042 4365 opinantur,

783 4408 901 4472 qua
941 4411 1155 4473 pueros
1200 4392 1519 4467 νεοσσούς
1562 4398 1776 4463 dicunt.
1840 4400 1925 4462 Cf.
1956 4397 2431 4463 Schneidewinus
2474 4398 2546 4460 ad
2589 4399 2645 4461 h.
2685 4399 2721 4461 l.
2804 4397 2972 4460 Aliud
3013 4414 3260 4476 prorsus
3300 4404 3413 4478 est,
3453 4401 3506 4460 si
3545 4399 3849 4481 vocabula,
3892 4415 4043 4478 quae

780 4511 1011 4574 volandi
1050 4515 1342 4576 notionem
1381 4516 1631 4596 habent,
1672 4532 1852 4579 sensu
1893 4516 2146 4593 figurato
2188 4516 2260 4580 de
2298 4518 2371 4577 iis
2411 4520 2733 4596 ponuntur,
2778 4516 2878 4593 qui
2920 4516 3096 4594 curis»,
3137 4531 3245 4593 spe
3286 4519 3348 4578 et
3388 4522 3549 4578 metu
3590 4523 4041 4582 commoventur.

784 4627 1254 4693 Circumvolitant
1292 4631 1583 4696 hominem
1626 4619 1978 4697 sceleratum
2022 4633 2273 4696 oracula.
2358 4630 2493 4695 Oed.
2539 4632 2670 4706 Tyr.
2707 4633 2861 4694 482:

1011 4742 1113 4810 ὅτι
1163 4743 1339 4827 λέξω
1387 4744 1440 4809 δ’
1487 4748 1740 4836 ἀπορῶ·
1787 4747 2072 4831 πέτομαι
2129 4747 2182 4812 δ’
2230 4745 2507 4823 ἐλπίσιν,
2558 4739 2700 4812 οὔτ’
2745 4743 2960 4812 ἐνθάδ’
3008 4743 3197 4833 ὁρῶν,
3250 4738 3394 4810 οὔτ’
3443 4741 3670 4810 ὀπίσω.
